1800 2930
724 200 1001 240 -53-

158 317 320 369 urgebat
347 330 481 356 senen
509 320 552 356 ut
579 316 687 356 daret
710 316 925 360 consilium.
954 313 1114 354 minime
1141 315 1189 355 de
1217 316 1398 355 thesauro
1426 315 1573 367 perdito

158 377 268 416 aiens
295 389 338 416 se
363 388 510 424 curare,
540 375 573 415 si
600 377 871 415 tantumnodo
908 375 1032 414 furem
1066 374 1155 424 quis
1191 374 1303 414 fuerit
1338 374 1570 426 agnouisset.

158 436 230 476 Cui
258 448 394 476 senex:
432 435 507 475 Fac
533 434 654 481 illum,
682 434 817 485 inquit,
846 435 1082 474 abstractum
1110 435 1158 472 de
1185 446 1310 485 cuppa
1337 434 1458 473 caude
1484 434 1572 485 equi

159 495 355 535 fortissimi
383 493 527 545 alligari
554 493 731 544 trahique
764 506 833 545 per
860 493 1005 545 plateas
1031 498 1069 532 et
1097 492 1203 532 uicos
1230 493 1428 532 ciuitatum
1465 494 1571 545 regni

158 555 224 594 tui.
263 555 384 594 Porro
412 553 550 593 milites
574 552 711 593 armati
737 553 1036 603 subsequantur,
1064 552 1257 603 capientes
1282 552 1314 591 si
1341 565 1439 603 quos
1467 553 1568 593 uide·
1614 555 1642 598 5

158 613 235 653 rint
262 613 367 653 uiros
394 613 456 653 uel
483 612 664 652 mulieres
691 612 740 651 ad
767 617 966 663 aspectum
985 611 1184 651 cadaueris
1211 611 1401 650 lacrimari
1429 612 1572 663 tibique

157 685 226 712 eos
254 676 488 725 presentent.
526 671 574 711 Et
601 671 634 710 si
662 671 774 710 fuerit
792 671 844 710 ibi
863 671 990 710 socius
1018 675 1085 710 aut
1103 683 1203 710 uxor
1229 676 1295 710 aut
1324 671 1399 717 filii,
1430 683 1573 722 nequa·

156 745 273 783 quam
310 736 490 784 poterunt
527 745 552 770 a
578 730 745 770 lacrimis
773 736 999 782 temperare.
1055 731 1209 769 Bonum
1236 744 1302 770 rex
1333 737 1438 770 ratus
1466 731 1571 770 senis

155 791 359 831 consilium
412 791 517 830 iubet
563 790 740 830 festinato
787 796 968 829 truncum
1014 803 1113 840 equo
1159 790 1364 830 fortissimo
1410 791 1570 842 pedibus

154 851 351 903 alligatum
378 863 466 890 cum
496 850 656 890 armatis
684 850 867 889 militibus
895 850 995 889 trahi
1023 863 1092 901 per
1118 850 1335 901 proximam
1363 850 1568 890 ciuitatem.
1592 856 1642 895 10

153 910 230 959 Qui
257 910 351 949 dum
378 910 496 949 miser
524 910 754 957 traheretur,
783 909 941 961 contigit
968 923 1058 949 eum
1086 915 1177 949 ante
1204 909 1305 949 fores
1333 911 1471 949 domus
1500 923 1570 949 sue

154 969 347 1009 deueuire.
412 969 548 1009 Stabat
584 974 714 1008 autem
753 969 814 1008 ille
852 969 951 1008 filius
988 969 1070 1008 eius
1107 969 1242 1016 maior,
1280 969 1345 1019 qui
1387 974 1425 1009 et
1460 969 1495 1009 ei
1528 969 1569 1008 in

153 1029 254 1068 furto
281 1029 404 1068 suerat
431 1028 571 1077 socius,
599 1034 691 1068 ante
717 1028 821 1080 ipsas
857 1029 969 1068 fores.
1025 1029 1100 1078 Qui
1128 1042 1218 1068 cum
1247 1029 1392 1068 uideret
1419 1034 1570 1080 patrem

153 1087 208 1127 sic
233 1087 500 1128 miserabiliter
528 1088 640 1136 trahi,
669 1088 761 1128 flere
779 1088 935 1139 quidem
963 1101 1042 1127 non
1062 1089 1223 1135 audens,
1251 1089 1319 1127 sed
1347 1101 1419 1127 nec
1438 1088 1568 1128 valens

152 1147 330 1187 lacrimas
349 1147 563 1199 prohibere,
584 1148 786 1188 occasione
804 1153 955 1199 reperta
968 1148 1162 1187 cultellum
1180 1148 1405 1198 lignumque
1424 1148 1567 1200 arripit,
1589 1152 1638 1191 15

152 1206 262 1258 quasi
280 1207 421 1258 aliquid
447 1207 650 1255 incisurus,
680 1207 911 1258 sinisti-eque
938 1221 1079 1247 manus
1108 1207 1284 1259 pollicem
1303 1221 1350 1246 ex
1379 1207 1567 1247 industria

151 1266 224 1306 sibi
251 1271 436 1319 amputat.
494 1267 605 1306 Tunc
633 1279 727 1306 uero
754 1268 828 1306 sub
857 1267 1058 1307 occasione
1085 1267 1230 1318 pollicis
1266 1280 1401 1306 uocem
1431 1267 1567 1306 emittit

150 1327 379 1374 luctuosam,
407 1332 616 1378 erumpunt
643 1326 812 1374 lacrime,
841 1326 1005 1366 accurrit
1022 1333 1157 1374 mater,
1186 1327 1323 1366 fratres
1350 1332 1388 1365 et
1415 1339 1567 1366 sorores

152 1385 361 1426 dilacerant
387 1386 570 1425 manibus
607 1391 736 1426 uestes
771 1399 916 1437 oraque
952 1392 990 1425 et
1026 1386 1193 1438 capillos,
1228 1386 1269 1426 in
1303 1399 1469 1436 persona
1503 1386 1566 1425 filii

151 1445 270 1496 patris
297 1445 493 1485 miseriam
519 1445 790 1485 lamentantes
845 1446 1050 1485 Affuerunt
1086 1446 1184 1485 illico
1221 1445 1359 1485 milites
1397 1445 1463 1496 qui
1499 1459 1566 1484 eos
1584 1452 1639 1490 20

152 1510 332 1556 caperent
359 1506 621 1556 ducerentque
647 1506 695 1545 ad
724 1518 867 1556 regem.
922 1505 974 1544 At
992 1518 1086 1544 uero
1113 1518 1181 1544 rex
1199 1505 1368 1544 maximo
1395 1505 1565 1544 effluctu·

150 1577 223 1603 ans
250 1563 402 1615 gaudie,
430 1577 592 1615 sperans
612 1565 714 1615 quod
734 1565 883 1616 perdita
901 1577 1127 1616 recuperare
1147 1570 1289 1616 posset,
1317 1564 1566 1616 pollicebatur

153 1622 224 1662 illis
252 1622 373 1663 uitam
400 1628 438 1663 et
464 1624 626 1675 gratiam
654 1637 779 1672 suam,
809 1624 842 1664 si
869 1625 1014 1664 crimen
1043 1625 1320 1664 confiterentur
1346 1625 1564 1664 redderent-

151 1695 227 1733 que
253 1683 456 1723 thaeauros
484 1696 588 1723 suos.
644 1683 799 1723 quenis
827 1689 957 1723 autem
976 1684 1038 1723 ille
1065 1697 1112 1723 ex
1141 1688 1247 1723 metu
1274 1689 1312 1723 et
1339 1684 1565 1723 necessitate

149 1741 350 1781 audaciam
378 1755 558 1782 sumens:
585 1743 674 1783 Non
702 1743 800 1791 ideo,
834 1743 898 1791 ait,
934 1757 958 1783 0
992 1743 1237 1783 serenissime
1276 1756 1357 1791 rex,
1394 1756 1465 1794 ego
1498 1749 1564 1783 aut
1583 1749 1636 1788 25

149 1800 239 1849 mei,
268 1801 358 1852 quia
384 1801 447 1841 hic
475 1802 595 1842 miser
621 1808 783 1842 tmncus
811 1804 860 1842 ad
888 1817 962 1842 nos
989 1803 1129 1854 aliquid
1158 1803 1357 1854 pertineat,
1385 1803 1563 1843 lacrimas

149 1860 395 1908 effundimus,
436 1863 504 1900 sed
533 1861 622 1913 quia
658 1861 721 1902 hic
756 1862 838 1902 dies
872 1863 1045 1902 nefastus
1084 1862 1202 1902 michi
1235 1862 1389 1902 sinistre
1420 1875 1562 1902 manus

148 1919 323 1971 pollicem
351 1921 518 1961 abstulit.
573 1921 635 1961 Ob
670 1922 746 1962 hoc
773 1935 865 1973 ergo
898 1922 1053 1962 lacrime
1079 1922 1211 1970 effuse,
1248 1927 1402 1961 exarate
1436 1922 1561 1970 facies,

149 1979 274 2031 mpini
300 1980 448 2025 euulsi,v
466 1980 556 2031 quia
575 1993 646 2032 ego
673 1982 801 2021 adhuc
829 1981 981 2021 iuuenis
1008 1981 1123 2021 bodie
1149 1983 1227 2021 heu
1255 1995 1335 2021 uno
1362 1987 1400 2021 et
1426 1981 1562 2033 potiori

147 2039 311 2078 menbro
339 2039 557 2079 debilitatus
594 2053 696 2080 sum.
751 2040 835 2080 Rex
873 2054 967 2080 uero
994 2041 1171 2092 pollicem
1211 2042 1338 2080 adhuc
1377 2041 1561 2080 fluentem
1579 2046 1635 2085 30

147 2098 337 2150 sanguine
363 2099 623 2139 certissimum
651 2100 822 2140 ueritatis
859 2106 1131 2152 argumentum
1159 2101 1240 2140 sore
1275 2106 1393 2148 ratus,
1431 2105 1560 2139 motus

266 2224 282 2257 1
310 2233 409 2258 cons.
433 2222 511 2259 Non
538 2223 656 2269 inquit
680 2224 726 2259 de
751 2224 802 2259 th.
837 2235 872 2269 p.
897 2224 959 2259 sed
990 2227 1032 2259 ut
1069 2225 1186 2259 turem
1217 2224 1330 2268 possit
1364 2233 1561 2267 agnoscere

147 2275 213 2312 Cui
237 2288 267 2312 s.
291 2277 358 2322 Pp,
382 2288 481 2313 cons.
506 2287 580 2312 non
608 2277 725 2322 inquit
748 2278 793 2313 de
818 2278 858 2312 th
894 2278 956 2313 sed
982 2282 1022 2312 nt
1046 2277 1298 2312 tantummodo
1322 2277 1368 2312 de
1384 2277 1463 2312 fure
1478 2277 1560 2321 quis

145 2333 241 2365 eaeet
263 2340 412 2366 noscere
436 2334 557 2375 posset
584 2331 661 2366 01⁷.
687 2350 732 2356 -
757 2331 862 2366 4eiu.
875 2332 966 2375 fehlt
993 2332 1127 2376 OPpV.
1143 2352 1186 2357 —
1201 2331 1220 2365 7
1235 2333 1444 2375 presentent
1458 2331 1557 2365 Gor-t.

144 2383 225 2427 a„
248 2386 497 2429 presentantes
520 2384 579 2418 die
602 2385 688 2419 Has.
703 2405 748 2411 —
762 2385 785 2420 8
797 2388 871 2430 pot.
896 2385 980 2419 laer.
994 2388 1019 2419 t.
1048 2385 1180 2430 oPpV.
1195 2403 1239 2409 -
1254 2385 1277 2419 9
1288 2384 1363 2419 iub.
1376 2395 1461 2419 eum
1485 2383 1509 2418 f.
1527 2394 1559 2418 e.

149 2436 281 2481 OPpV.
307 2456 351 2462 —
379 2437 424 2472 12
449 2437 522 2472 illic
547 2438 681 2482 OPpV.
707 2457 750 2463 -—
776 2438 814 2473 in
832 2438 855 2473 f.
873 2439 963 2482 fehlt
987 2439 1020 2472 L
1045 2458 1087 2463 —
1117 2438 1161 2473 13
1177 2438 1274 2483 ipsas
1297 2437 1388 2481 fehlt
1421 2437 1558 2481 OPpV.

146 2507 188 2513 —
218 2490 262 2525 15
285 2493 431 2535 recepta
458 2491 584 2535 ospV
605 2511 650 2517 -—
675 2491 852 2536 arripiens
880 2492 1012 2536 OPpV.
1029 2511 1074 2517 —
1091 2492 1133 2526 17
1144 2491 1347 2536 amputauit
1365 2490 1557 2535 0521<—

146 2542 425 2578 islarimomm
436 2544 521 2589 01²1)
529 2544 822 2579 V.—accurrunt
833 2545 917 2589 OPp
925 2546 1019 2579 V.-
1030 2545 1239 2580 19lacerant
1247 2545 1316 2589 Pp.
1329 2562 1367 2569 -
1381 2544 1424 2579 21
1437 2543 1558 2579 afflue·

143 2597 251 2631 tuans
273 2596 341 2642 sp.
364 2617 411 2623 —
435 2597 484 2632 24
507 2607 593 2632 suos
616 2598 707 2640 fehlt
732 2599 765 2632 L
789 2617 832 2623 -
859 2599 906 2633 25
931 2598 1189 2634 nerendissime
1217 2598 1247 2632 O
1270 2615 1310 2622 —
1335 2599 1372 2633 et
1394 2597 1466 2632 mei
1491 2597 1557 2641 Pp,

144 2649 288 2694 meique
317 2650 360 2685 V.
384 2669 431 2675 --
461 2650 507 2685 27
532 2651 745 2687 excercitate
780 2662 827 2687 m.
855 2653 924 2696 ΓΡ,
957 2652 1132 2687 exsiccate
1161 2662 1211 2688 m.
1239 2651 1318 2686 ΟΥ.
1343 2669 1387 2676 -
1413 2650 1460 2685 29
1477 2660 1557 2694 ⁴ego
