1800 2930
826 249 1098 289 -22-

261 364 405 405 facilius
422 364 563 405 labitur
581 377 626 405 ac
645 364 830 404 difficilius
848 370 1086 416 precauetur,
1107 369 1144 405 et
1172 364 1257 415 quis
1275 377 1448 415 unquam
1466 363 1670 403 hominum

259 424 430 476 linguam
459 425 520 464 uel
548 424 716 464 officium
742 424 923 474 loquendi
942 425 1092 464 habens
1118 424 1227 469 istud,
1247 423 1380 475 potuit,
1415 423 1446 462 si
1481 436 1561 462 non
1590 435 1671 461 om·

261 483 354 524 nino
382 490 513 524 mutus
541 483 673 523 fuisset
701 488 738 523 et
765 483 953 534 elinguis?
1007 484 1051 523 In
1079 488 1186 523 muto
1215 483 1336 522 eciam
1366 487 1516 522 motum
1543 482 1672 533 lingue

260 543 347 583 licet
375 543 659 596 infructuosum
687 542 876 583 uidemus.
934 542 1010 582 Sed
1038 548 1133 590 esto,
1163 555 1250 582 ecce
1277 542 1399 581 iturus
1427 542 1466 580 in
1496 540 1672 593 patriam,

209 604 233 642 5
261 603 336 643 tuis
364 608 406 642 ut
433 616 497 642 me
524 604 632 642 decet
660 602 795 642 uolens
824 602 978 642 obedire
1013 602 1218 648 mandatis,
1248 602 1400 641 frenum
1429 601 1559 652 lingue
1586 613 1673 640 mee

261 676 417 714 ponam,
435 676 577 713 ponam
595 661 651 701 ori
664 675 751 701 meo
772 675 851 701 non
868 662 995 701 solum
1014 661 1238 708 custodiam,
1255 674 1390 700 uerum
1404 660 1523 699 eciam
1533 659 1674 699 ostium

261 722 436 762 uectibus
464 721 594 761 ferreis
624 722 859 761 obseratum.
915 720 1014 760 Cum
1041 720 1155 771 igitur
1181 733 1244 760 me
1272 724 1358 771 post
1386 720 1546 770 longum
1581 724 1673 758 tem-

262 795 335 833 pus
354 787 551 832 receptum
571 780 793 820 salutauerit
812 785 932 832 pater,
962 793 1051 820 cum
1071 780 1212 831 regina,
1243 793 1332 819 cum
1351 778 1542 831 principes
1568 772 1675 829 regni

263 841 488 891 nobilesque
515 845 692 879 matrone
719 853 783 879 me
810 839 987 879 laudibus
1006 839 1209 879 sustollent
1235 840 1283 879 ad
1304 840 1451 889 sydera,
1481 838 1675 888 quomodo

195 902 245 941 10
262 899 364 939 istud
391 900 612 939 membrum
639 899 853 950 inquietum
881 903 918 938 et
946 898 1149 950 impatiens
1177 903 1310 949 potero
1338 898 1552 945 cohercere,
1582 897 1675 948 quin

262 959 391 999 statim
410 960 458 998 ad
478 959 597 998 uerba
615 958 758 998 fauoris
777 957 922 998 recludi
941 963 1220 1009 contempnens
1248 957 1345 996 ostio
1365 957 1502 996 silentii
1522 957 1673 1008 dirupto

262 1018 302 1057 in
330 1018 501 1057 medium
530 1018 681 1057 exiliat?
737 1018 786 1057 Ut
825 1017 937 1057 uideo
974 1017 1224 1068 impossibilia
1252 1022 1319 1057 tuo
1354 1016 1512 1056 Lucinio
1549 1029 1678 1067 prece-

263 1078 360 1129 pisti.
418 1077 593 1128 Virgilius
621 1077 837 1129 respondit:
877 1077 937 1116 Tu
966 1082 1080 1125 certe,
1116 1077 1252 1127 inquit,
1288 1076 1434 1123 Lucini,
1468 1075 1602 1115 iurasti
1638 1080 1676 1115 et

263 1136 503 1188 spopondisti
531 1142 568 1176 te
596 1150 642 1176 ea
670 1150 743 1187 que
772 1135 1008 1188 preciperem
1037 1142 1294 1176 seruaturum.
1352 1135 1391 1175 Si
1428 1148 1492 1174 me
1520 1135 1677 1174 manda-

198 1199 245 1238 15
264 1202 379 1246 taque
420 1209 508 1235 mea
549 1196 645 1235 tanti
691 1196 859 1244 estimas,
902 1195 1149 1244 obseruabis3
1191 1196 1251 1235 sin
1294 1201 1435 1242 autem,
1479 1194 1676 1245 despicies.

264 1256 391 1295 Aliam
419 1255 500 1294 uim
530 1269 607 1295 non
626 1255 790 1295 inferam
817 1255 907 1304 tibi3
937 1268 1073 1294 uerum
1093 1261 1225 1294 utrum
1245 1253 1512 1294 obseruaueris
1541 1266 1677 1301 necne,

265 1315 381 1355 michi
409 1315 517 1354 citius
546 1315 772 1354 innotescet.
829 1314 889 1354 Ad
916 1315 989 1354 hec
1015 1314 1215 1354 Lucinius:
1253 1313 1327 1353 Mei
1358 1314 1511 1364 quidem
1540 1326 1676 1364 propo-

266 1374 325 1414 siti
344 1387 506 1425 meeque
525 1374 734 1414 uoluntatis
762 1379 832 1422 est,
863 1387 885 1414 ο
905 1373 1158 1414 illustrissime
1177 1377 1389 1425 preceptor,
1418 1372 1493 1412 tuis
1526 1385 1678 1423 semper

266 1439 302 1474 et
330 1434 370 1473 in
399 1433 580 1474 omnibus
609 1434 764 1474 obedire
800 1433 1005 1482 mandatis,
1044 1434 1111 1473 sed
1147 1433 1286 1473 necin
1323 1433 1398 1471 hoc
1437 1432 1677 1471 uoluntatem

196 1496 248 1536 20
268 1499 374 1533 tuam
402 1493 433 1532 si
461 1498 594 1544 potero
623 1493 825 1545 preteribo.

268 1550 390 1642 Cum
418 1552 532 1603 igitur
558 1553 631 1592 hec
659 1558 697 1593 et
725 1552 798 1592 alia
826 1553 949 1592 multa
975 1556 1112 1591 mutuo
1140 1551 1268 1591 adhuc
1295 1551 1334 1589 in
1356 1550 1533 1590 cubiculo
1562 1550 1677 1601 positi

346 1613 596 1661 collocuntur,
627 1612 903 1663 superueniunt
942 1611 996 1651 eis
1024 1610 1136 1662 legati
1172 1610 1272 1661 regis
1313 1611 1395 1650 sole
1431 1609 1510 1649 iam
1538 1610 1587 1649 ad
1614 1622 1676 1650 oc·

267 1685 399 1711 casum
419 1677 602 1723 uergente
622 1671 896 1723 Virgiliumque
914 1684 1004 1711 cum
1031 1669 1163 1710 amicis
1192 1675 1229 1709 et
1248 1669 1433 1721 discipulo
1461 1673 1681 1709 reuerenter

268 1743 315 1770 ex
343 1736 450 1782 parte
478 1731 578 1783 regis
607 1731 842 1782 Dolopathos
871 1731 1050 1770 salutant.
1106 1729 1256 1778 Quibus
1284 1734 1327 1768 ut
1354 1729 1513 1769 decebat
1541 1729 1681 1768 resalu-

197 1793 249 1832 25
270 1791 357 1830 tatis
385 1791 538 1842 Virgilio
566 1792 732 1842 quedam
771 1790 870 1842 regis
907 1789 1107 1829 insinuant
1143 1789 1339 1836 mandata,
1377 1788 1480 1827 dona
1516 1788 1682 1827 offerunt

269 1863 358 1890 cum
386 1851 576 1901 regalibus
597 1850 777 1902 epistolis,
807 1850 946 1900 quibus
974 1853 1011 1888 et
1038 1848 1174 1888 matris
1193 1848 1320 1888 obitus
1349 1853 1386 1887 et
1413 1847 1532 1898 patris
1560 1847 1680 1886 decla-

269 1910 426 1950 rabatur
463 1910 655 1950 uoluntas.
710 1909 860 1958 Quibus
889 1908 1067 1960 Virgilius
1107 1907 1325 1959 respondit:
1368 1907 1471 1946 Leuc
1505 1911 1605 1946 esset
1640 1911 1682 1945 ut

269 1970 462 2009 mandatis
481 1983 657 2021 parerem
685 1970 797 2021 regis,
826 1968 859 2008 si
886 1967 1002 2008 michi
1031 1967 1160 2007 liceret
1187 1968 1235 2007 ad
1264 1966 1427 2018 patriam
1455 1979 1545 2006 cum
1573 1965 1681 2005 Luci-

271 2029 335 2069 nio
363 2031 563 2080 repedare3
592 2042 726 2069 verum
747 2042 836 2069 cum
864 2029 912 2068 ab
941 2028 1037 2067 urbe
1064 2027 1217 2077 longius
1244 2027 1451 2078 procedere
1480 2038 1682 2076 nequeam.

200 2091 254 2130 30
272 2088 422 2128 Cesaris
451 2090 620 2140 quodam
648 2089 800 2141 negotio
830 2087 1061 2140 prepeditus,
1102 2085 1350 2126 intolerabilis
1379 2084 1531 2125 uidetur
1565 2083 1683 2123 michi

271 2148 352 2188 eius
379 2161 567 2189 recessuS.
610 2149 759 2189 Tamen
787 2147 965 2199 quamuis
993 2146 1110 2186 michi
1138 2145 1267 2197 grauis
1286 2145 1474 2196 separatio
1495 2145 1682 2191 uideatur,

273 2208 462 2248 uoluntati
502 2208 649 2248 domini
677 2207 795 2248 uestri
824 2206 1014 2247 contraire
1056 2218 1135 2245 non
1170 2217 1343 2256 possum,
1387 2217 1437 2243 ne
1472 2204 1565 2242 dum
1605 2203 1682 2254 iugi

394 2327 408 2361 1
437 2327 518 2371 quis
541 2325 691 2371 inquam
708 2326 752 2362 L.
782 2344 821 2351 -
848 2325 910 2361 21.
936 2327 972 2360 et
997 2324 1056 2359 off.
1074 2322 1109 2359 L
1132 2341 1178 2348 —
1205 2322 1227 2357 i.
1252 2330 1446 2367 precauere
1470 2321 1586 2366 potuit
1613 2320 1685 2357 ΟΥ

280 2398 316 2405 -
328 2390 363 2424 p.
377 2379 446 2415 nisi
460 2390 493 2414 o.
507 2379 688 2424 OPpV—
703 2379 762 2423 2s3
772 2379 858 2414 si
869 2378 912 2414 el.
926 2378 1002 2413 will
1011 2378 1076 2412 ΕΙ).
1087 2377 1144 2411 als
1156 2376 1280 2410 Glosse
1291 2376 1399 2419 tilqen
1425 2393 1467 2400 --
1487 2375 1509 2409 3
1522 2375 1683 2410 officium

274 2433 298 2468 l.
318 2434 352 2468 V
370 2452 417 2458 —
441 2434 464 2468 4
481 2434 644 2469 videatur
663 2432 703 2470 Ο.
733 2453 778 2458 -
804 2433 827 2468 8
850 2443 919 2468 rec.
945 2431 1034 2475 fehlt
1058 2431 1103 2466 L.
1137 2449 1182 2455 -—
1207 2430 1229 2464 9
1248 2440 1276 2465 s.
1300 2428 1339 2464 in
1365 2429 1477 2464 altum
1511 2429 1542 2462 V
1565 2448 1610 2454 —
1639 2428 1683 2462 10

274 2497 323 2522 m.
354 2487 518 2531 iniquum
547 2487 587 2523 Ο.
624 2508 669 2514 -
694 2486 861 2523 cohibere
889 2485 1022 2530 OPpV.
1057 2503 1101 2509 —
1141 2483 1181 2518 11
1210 2482 1329 2518 diruto
1355 2483 1400 2518 L.
1427 2502 1472 2508 —-
1507 2482 1549 2516 12
1574 2481 1618 2515 Et
1643 2483 1683 2516 ut

275 2539 380 2575 uideo
409 2540 547 2585 OPpV.
584 2560 627 2566 —
655 2541 700 2576 14
723 2544 758 2576 te
783 2551 826 2576 ea
850 2540 940 2583 fehlt
967 2537 1104 2583 OPpV.
1136 2556 1181 2562 —
1215 2537 1259 2572 15
1284 2535 1466 2571 existimas
1493 2534 1623 2579 OPpV
1639 2555 1683 2561 —

275 2593 330 2628 sin
355 2604 388 2630 a.
417 2594 626 2630 obseruabis
644 2594 712 2639 Pp,
737 2594 794 2629 sin
817 2604 850 2629 a.
879 2590 1128 2628 obseruaueris
1147 2591 1188 2633 V,
1213 2590 1269 2625 sin
1295 2600 1327 2624 a.
1357 2589 1549 2624 obseruare
1577 2587 1607 2624 0
1637 2606 1682 2613 —-

280 2647 322 2682 16
338 2646 413 2682 obs.
433 2658 554 2683 annon
575 2647 663 2692 OPp
676 2648 707 2683 V
724 2666 755 2673 —
779 2647 822 2682 19
839 2649 875 2682 et
891 2645 927 2680 in
945 2656 977 2680 0.
996 2645 1085 2689 fehlt
1111 2643 1249 2689 OPpV.
1271 2661 1310 2668 —
1331 2643 1377 2677 24
1390 2642 1467 2678 Dol.
1485 2642 1574 2685 fehlt
1593 2641 1685 2686 OPp

279 2719 321 2726 -
359 2701 406 2735 25
431 2700 525 2746 Virg.
557 2701 704 2747 quidam
735 2701 770 2737 L
807 2719 849 2725 —
883 2699 927 2734 27
960 2698 1058 2734 Bene
1092 2700 1185 2733 esset
1211 2696 1290 2739 OV,
1315 2696 1459 2731 Bonum
1483 2706 1514 2730 e.
1541 2695 1605 2740 Pp.
1640 2713 1684 2720 -

278 2755 324 2789 29
342 2765 437 2799 proc.
456 2765 530 2791 non
555 2755 708 2790 audeam
734 2764 851 2799 neque
868 2752 1010 2788 valeam
1040 2752 1083 2786 V.
