1806 3022
744 194 1015 233 -11-

177 307 425 397 Regressus
452 309 598 360 legatus
617 308 748 350 Cesari
776 321 822 349 ac
849 309 1001 349 senatui
1029 314 1171 349 cuncta
1198 322 1273 360 que
1300 310 1348 349 de
1376 321 1464 360 rege
1492 308 1586 349 suis-

273 381 348 419 que
375 368 605 409 aduersariis
639 368 811 408 audierat
838 368 1070 408 manifestat.
1127 368 1279 409 Vocatis
1314 368 1441 419 itaque
1469 367 1588 408 Cesar

176 428 378 468 furciferis:
407 428 612 477 Quoniam,
633 427 769 479 inquit,
796 427 1050 479 promiseram
1070 428 1181 467 uobis
1209 428 1326 479 digna
1354 432 1481 467 uestre
1500 427 1585 468 fidei

175 488 323 539 premia
350 500 412 528 me
439 488 633 535 daturum,
660 499 749 527 ecce
775 486 853 527 iam
879 499 965 526 reor
992 499 1078 527 esse
1101 492 1337 539 oportunum
1364 499 1442 537 quo
1470 487 1585 527 meri·

175 552 302 587 torum
332 552 548 587 uestrorum
576 546 699 586 iustus
727 544 904 586 inueniat
932 545 1150 586 retributor.
1204 546 1321 586 Iubeo
1359 547 1486 596 itaque
1512 558 1582 586 uos
1629 551 1654 589 5

174 606 388 646 secundum
407 605 674 645 Romanorum
693 605 796 657 leges
815 609 1116 655 senatorumque
1135 618 1180 645 ac
1199 605 1405 644 consulum
1433 605 1585 644 decreta

173 665 282 716 equis
319 665 514 705 indomitis
551 664 713 716 pedibus
749 663 921 715 alligatos
967 665 1015 704 ad
1058 665 1280 716 exemplum
1324 668 1586 714 terroremque

173 724 348 764 omnium
377 724 579 775 resupinos
607 723 706 763 trahi
735 736 802 775 per
830 728 989 763 cunctos
1018 723 1125 763 uicos
1163 729 1200 763 et
1229 723 1372 775 plateas
1409 722 1583 770 ciuitatis,

174 783 552 834 precone-clamante
580 783 683 833 quod
711 782 947 833 sanguinarii
975 782 1304 833 dominorumque
1333 795 1493 822 suorum
1522 782 1585 822 de-

172 846 357 882 tractores
393 855 416 882 a
444 842 620 882 Romane
657 842 760 882 curie
796 841 985 882 iudicibus
1024 842 1114 881 talia
1151 846 1386 881 mereantur.
1443 840 1583 892 Sicque
1606 843 1654 882 10

171 901 318 953 indigni
346 901 426 942 uita
453 901 568 953 digna
595 907 720 941 morte
747 901 933 953 perempti
971 902 1162 942 cadauera
1194 901 1414 941 uolatilibus
1452 900 1521 940 celi
1549 906 1585 940 et

171 960 303 1001 bestiis
331 965 432 1001 terre
467 966 505 1000 et
541 960 690 1000 animas
719 960 895 1000 Plutonis
932 961 1158 1000 satellitibus
1194 960 1446 1000 tradiderunt.
1502 960 1585 999 Rex

171 1026 300 1060 autem
328 1020 564 1072 Dolopathos
592 1021 640 1060 ad
669 1025 816 1060 tantam
851 1025 982 1071 postea
1011 1020 1162 1060 Cesaris
1200 1020 1375 1071 peruenit
1408 1019 1585 1072 gratiam,

170 1085 213 1120 ut
240 1080 275 1119 ei
302 1079 420 1120 Cesar
448 1080 488 1120 in
516 1079 727 1119 amiciciam
755 1084 908 1130 recepto
936 1093 983 1119 ex
1003 1079 1162 1119 consilio
1191 1084 1413 1120 senatorum
1443 1079 1586 1120 tributa

170 1139 297 1179 Sicilie
338 1144 522 1191 perpetuo
562 1139 749 1179 relaxaret
785 1139 896 1190 eique
932 1152 1106 1179 sororem
1139 1152 1208 1179 sue
1244 1139 1374 1179 uxoris
1410 1138 1584 1179 uidelicet
1608 1144 1655 1183 15

169 1198 338 1251 Agrippe
357 1198 474 1238 filiam
493 1212 581 1239 cum
602 1198 751 1238 tributis
770 1199 971 1249 regionum
990 1211 1034 1237 ac
1053 1197 1342 1250 prouinciarum
1362 1211 1436 1248 que
1457 1197 1583 1238 Sicilie

169 1258 331 1298 finitime
358 1263 462 1306 sunt,
490 1257 668 1309 coniugio
696 1258 903 1309 copularet,
932 1270 977 1297 ea
1006 1262 1135 1297 tamen
1164 1257 1383 1297 conditione
1411 1258 1515 1308 quod
1543 1257 1582 1297 in

169 1316 352 1356 omnibus
380 1317 524 1357 faueret
552 1317 656 1357 curie
683 1322 720 1357 et
748 1330 831 1357 rem
859 1316 1053 1368 publicam
1081 1316 1200 1356 armis
1227 1322 1265 1356 et
1293 1316 1456 1356 consilio
1486 1322 1582 1357 tuta·

170 1382 285 1416 retur.
342 1377 433 1416 Post
461 1377 660 1428 paululum
687 1389 780 1416 uero
809 1376 993 1428 temporis
1020 1376 1173 1416 licentia
1201 1376 1433 1427 repatriandi
1461 1389 1484 1416 a
1511 1376 1579 1416 Ce-

169 1449 256 1476 sare
284 1435 485 1488 impetrata
512 1449 601 1476 cum
621 1435 783 1487 coniuge
811 1449 882 1476 sua
909 1437 1007 1476 letus
1028 1435 1212 1477 remeauit
1241 1436 1290 1475 ad
1318 1436 1483 1487 propria.
1521 1436 1581 1475 Ad
1603 1441 1655 1479 20

169 1495 278 1535 cuius
306 1496 519 1535 aduentum
548 1495 706 1536 resultat
726 1495 847 1547 patria
875 1508 949 1545 que
977 1495 1124 1534 dudum
1143 1495 1302 1535 sseuerat
1330 1494 1413 1534 eius
1441 1495 1581 1534 absen-

167 1554 282 1595 tiam:
311 1555 478 1595 letantur
505 1567 655 1603 omnes,
684 1556 858 1595 exultant
877 1554 1016 1606 singuli
1044 1560 1082 1594 et
1110 1567 1178 1606 pro
1198 1554 1296 1606 regis
1326 1554 1385 1594 sui
1417 1553 1583 1594 uictoria

168 1613 231 1653 uel
258 1614 378 1665 gloria
404 1614 504 1654 diem
537 1614 638 1654 ludis
676 1613 910 1665 musicisque
942 1613 1211 1654 instrumentis
1245 1614 1386 1654 festum
1423 1614 1580 1653 ducunt.

169 1672 346 1712 Salutant
373 1686 515 1725 regem,
543 1674 712 1714 salutant
740 1674 926 1725 reginam,
968 1678 1145 1724 optantes
1174 1686 1240 1713 eos
1269 1673 1334 1714 diu
1362 1678 1399 1712 et
1427 1673 1582 1712 feliciter

169 1744 416 1784 conregnare.
454 1733 632 1773 Euocatis
661 1732 799 1773 deinde
827 1734 876 1773 ad
904 1746 946 1773 se
964 1733 1201 1785 Dolopathos
1230 1733 1384 1784 regibus
1412 1737 1450 1772 et
1478 1732 1580 1784 prin·
1601 1735 1652 1775 25

168 1790 317 1843 cipibus
362 1792 651 1843 prouinciarum
687 1793 735 1832 de
771 1792 976 1833 reddendis
1020 1792 1093 1832 sibi
1129 1792 1283 1833 tributis
1321 1791 1472 1832 Cesaris
1516 1793 1580 1832 dat

168 1851 362 1891 mandata.
418 1851 492 1900 Qui
529 1852 676 1903 absque
709 1852 786 1892 ulla
819 1852 1064 1892 cunctatione
1099 1857 1276 1904 precepta
1304 1851 1454 1892 Cesaris
1491 1864 1576 1891 exe-

169 1915 330 1961 quentes
367 1912 445 1963 regi
474 1911 694 1952 fidelitatem
733 1916 769 1951 et
796 1911 1022 1963 homagium
1059 1911 1203 1951 faciunt
1241 1911 1510 1962 spondentque
1539 1923 1581 1950 se

167 1969 202 2009 ei
229 1974 427 2021 tamquam
457 1970 587 2011 Cesari
615 1984 682 2022 per
711 1971 842 2011 omnia
869 1971 972 2011 bono
1001 1971 1131 2011 animo
1161 1970 1384 2011 seruituros.

277 2118 292 2152 1
313 2117 484 2162 Egressus
504 2118 567 2153 ΟΡ
586 2139 632 2145 -
657 2118 779 2153 omnia
807 2118 891 2163 opp
900 2119 940 2153 V.
969 2138 1016 2143 —-
1053 2118 1074 2152 2
1101 2117 1346 2153 manifestauit
1374 2118 1506 2162 OPpV.
1535 2136 1577 2142 —

166 2170 205 2204 it.
230 2181 294 2205 rex
319 2170 342 2205 f.
365 2171 460 2216 OPp.
497 2191 542 2196 —
579 2172 602 2206 4
626 2172 722 2216 quod
748 2183 798 2207 m.
830 2173 871 2206 V.
908 2191 948 2195 -Ν
985 2173 1003 2206 7
1030 2171 1184 2216 alligatis
1212 2171 1345 2216 OPpV.
1387 2189 1427 2196 —
1469 2170 1492 2205 8
1517 2180 1579 2215 per

167 2233 294 2259 omnoe
318 2234 353 2259 u.
383 2225 516 2269 OPpV.
564 2243 611 2249 -
667 2226 688 2259 9
713 2225 902 2260 traditores
931 2226 1014 2270 oPp
1050 2224 1261 2270 (proditores
1293 2225 1336 2266 V)
1367 2226 1402 2259 et
1438 2234 1466 2259 r.
1504 2234 1577 2259 cur.

166 2276 252 2312 talia
277 2287 325 2312 m.
355 2278 487 2322 OPpV.
502 2298 548 2305 —-
575 2279 617 2313 12
642 2289 670 2312 s,
696 2278 912 2323 deputentur
936 2279 991 2323 Pp
1014 2279 1120 2319 (corr.
1146 2290 1214 2313 aus
1239 2277 1354 2319 trad).
1383 2297 1428 2304 -
1455 2277 1500 2312 15
1525 2288 1576 2312 so—

167 2329 259 2364 roris
284 2331 326 2365 L.
352 2350 397 2357 —
426 2331 468 2366 17
494 2343 536 2367 ea
561 2331 638 2366 sine
664 2342 693 2367 c.
713 2332 744 2366 L
769 2334 823 2373 (ea
848 2342 921 2367 una
946 2343 975 2366 c.
1001 2331 1136 2375 schltiqt
1153 2331 1218 2366 Eb.
1236 2333 1321 2373 vor).
1346 2351 1391 2357 -
1414 2330 1458 2365 18
1480 2328 1519 2365 in
1544 2341 1577 2365 o.

167 2382 264 2418 curie
290 2394 439 2419 romane
464 2384 614 2429 negocia
637 2387 672 2420 et
697 2395 773 2420 rem
800 2396 833 2429 p.
854 2385 986 2429 OPpV.
1006 2404 1049 2409 —-
1069 2385 1115 2419 22
1140 2384 1226 2420 uict.
1251 2384 1310 2420 uel
1335 2384 1424 2427 fehlt
1444 2384 1576 2428 OPpV.

168 2456 213 2462 ——
238 2436 283 2471 27
309 2447 341 2472 a.
364 2447 400 2474 u.
425 2437 692 2474 contradicione
716 2438 848 2473 cesaris
872 2449 926 2473 ex.
953 2438 1124 2473 mandata
1156 2438 1231 2482 regi
1257 2437 1281 2472 f.
1307 2440 1343 2472 et
1368 2436 1573 2481 homagium

168 2488 339 2525 facientes
364 2501 416 2535 sp.
445 2491 578 2536 OPpV.
604 2513 646 2518 —
675 2492 721 2527 28
745 2502 783 2527 se
807 2492 896 2535 fehlt
921 2493 974 2536 Pp
983 2492 1023 2526 V.
1044 2511 1086 2516 —
1112 2493 1157 2527 29
1182 2491 1381 2527 seruientes
1406 2491 1444 2531 L,
1470 2490 1577 2526 serui-

169 2544 270 2579 turos
298 2544 392 2589 OPp,
418 2545 627 2581 seruitutem
662 2546 700 2579 V.
