1800 2930
770 191 1042 231 ...65-

201 308 364 349 ceruical
402 308 493 348 illud
530 307 645 347 molle
684 305 847 346 reuoluit
883 310 922 345 et
954 305 1130 353 remouit,
1171 317 1260 345 cum
1298 317 1375 355 quo
1411 310 1449 344 et
1486 303 1614 355 strigis

200 368 358 408 fortuito
398 380 490 407 casu
532 365 700 407 excussit
740 378 922 417 pennam.
978 364 1065 413 Quo
1102 365 1202 404 facto
1234 364 1411 403 membra
1451 363 1614 403 demittit

202 428 311 475 lecto,
341 426 540 479 suspendit
568 437 724 466 sursum
752 424 956 476 palpebras
983 429 1021 463 et
1049 436 1187 463 somno
1206 423 1294 463 totis
1322 423 1469 462 uiribus
1496 423 1614 462 reluc-

204 493 317 527 tatur.
371 486 423 526 At
450 485 513 526 illa
540 485 721 525 iuuenem
750 483 830 523 suis
857 484 996 523 iterum
1015 482 1174 534 magicis
1200 482 1348 522 artibus
1376 480 1615 521 obdormisse

204 551 345 598 putans
390 557 526 585 secura
571 549 608 583 et
649 543 753 583 nuda
793 542 899 582 iuxta
939 541 1067 593 ipsum
1108 554 1150 581 se
1190 541 1361 581 collocat.
1416 541 1481 580 Ille
1522 553 1613 580 uero
1659 540 1685 578 5

204 610 407 657 postquam
426 602 707 654 aliquantulum
726 602 894 653 grauiter
912 615 955 641 se
974 600 1141 640 dormire
1166 601 1396 648 simulasset,
1426 600 1614 651 uirginem

203 665 253 704 ad
281 677 324 704 se
350 663 478 711 trahit,
507 661 666 713 requirit
693 661 877 701 debitum.
934 660 1104 700 Confusa
1130 660 1194 700 illa
1213 659 1432 710 repletaque
1459 664 1615 710 stupore

202 722 422 764 uehementi
450 727 605 774 pactum
632 733 880 771 nequaquam
900 732 1040 771 negare
1068 718 1201 771 potuit.
1245 718 1347 767 Quid
1366 718 1499 770 plura?
1529 718 1615 757 Nox

203 783 266 823 illa
301 794 424 833 usque
459 782 508 821 ad
545 781 647 820 diem
684 780 759 819 leta
796 780 959 819 deducta
995 784 1065 819 est.
1120 779 1234 818 Mane
1270 783 1400 818 autem
1438 777 1538 817 inter
1573 789 1616 817 se

201 847 294 882 uoto
320 846 358 881 et
384 853 548 881 assensu
576 840 659 891 pari
686 840 965 878 concordantes
994 851 1124 878 coram
1152 837 1285 877 amicis
1313 842 1350 876 et
1378 836 1615 888 propinquis,
1639 837 1688 875 10

202 915 282 942 non
322 906 454 941 tamen
505 900 588 939 sine
638 898 894 939 admiratione
940 898 1160 948 inuidiaque
1205 897 1417 936 multorum
1463 895 1616 947 nuptias

198 960 454 1001 celebrarunt.

199 1019 350 1108 Porro
390 1018 542 1058 iuuenis
580 1017 771 1070 prosperis
808 1016 1100 1057 succedentibus
1139 1014 1334 1055 creditoris
1377 1014 1436 1054 sui
1476 1014 1616 1053 oblitus

292 1079 497 1130 pecuniam
525 1078 624 1117 infra
650 1076 859 1117 terminum
887 1076 1138 1116 constitutum
1166 1087 1246 1114 non
1275 1074 1448 1114 reddidit.
1504 1073 1616 1113 Vnde

202 1139 343 1190 loripes
371 1138 432 1178 ille
451 1137 668 1177 ulciscende
695 1135 830 1175 iniurie
849 1135 1144 1187 oportunitatem
1166 1147 1208 1173 se
1235 1133 1431 1173 inuenisse
1458 1132 1614 1184 gauisus
1636 1134 1685 1173 15

205 1211 336 1250 regem
364 1197 428 1248 qui
446 1202 541 1237 tunc
568 1195 752 1247 temporis
779 1208 941 1247 regnum
961 1194 1116 1234 tenebat
1135 1193 1224 1241 adit,
1252 1197 1383 1232 mouet
1411 1192 1459 1231 de
1477 1191 1618 1231 iuuene

203 1258 412 1309 querelam,
433 1261 570 1296 testem
589 1255 689 1307 pacti
703 1255 988 1307 cyrographum
1003 1254 1144 1305 profert
1164 1253 1202 1292 in
1222 1252 1404 1299 medium,
1434 1250 1618 1290 iustitiam

202 1317 276 1357 sibi
303 1329 421 1368 super
446 1316 522 1355 hoc
549 1315 630 1355 fieri
656 1327 811 1366 rogans.
866 1314 950 1353 Rex
978 1317 1108 1353 autem
1136 1317 1178 1351 ut
1206 1311 1436 1362 equissimus
1464 1310 1618 1350 crudele

201 1389 440 1428 quamquam
466 1376 706 1415 horresceret
732 1378 901 1426 pactum,
938 1372 1119 1412 iuuenem
1157 1376 1285 1411 tamen
1324 1371 1373 1410 ad
1410 1383 1452 1409 se
1486 1369 1618 1409 uenire

203 1435 371 1488 precepit
407 1433 639 1475 accusatoris
666 1432 727 1473 sui
764 1445 1043 1484 responsurum
1081 1430 1256 1482 querelis.
1312 1429 1424 1469 Tunc
1460 1429 1617 1468 tandem
1636 1430 1690 1469 20

201 1494 353 1534 iuuenis
394 1493 509 1534 debiti
549 1492 813 1540 reminiscens,
855 1491 956 1543 regis
997 1490 1220 1530 auctoritate
1247 1488 1482 1541 perterritus,
1528 1500 1618 1527 cum

202 1554 415 1594 amicorum
454 1553 569 1593 turba
608 1552 853 1602 maximaque
891 1550 974 1590 auri
1014 1555 1052 1590 et
1088 1548 1234 1601 argenti
1276 1548 1384 1599 copia
1424 1546 1531 1586 uenit
1569 1547 1618 1586 ad

202 1613 362 1653 curiam.
416 1612 566 1652 Profert
585 1611 830 1651 aduersarius
848 1609 1132 1661 cirographum,
1160 1607 1397 1659 recognoscit
1414 1606 1476 1645 ille
1494 1606 1616 1645 iussu-

206 1685 284 1724 que
311 1672 410 1724 regis
437 1672 532 1712 dant
550 1670 780 1711 sententiam
809 1670 1001 1722 principes
1027 1669 1140 1708 licere
1158 1667 1299 1707 scilicet
1325 1664 1484 1717 loripedi
1504 1677 1617 1716 agere

201 1732 307 1783 quod
325 1731 596 1783 cirographum
624 1732 838 1770 testabatur
864 1735 930 1769 aut
959 1732 1148 1780 quantum
1166 1726 1329 1766 uoluerit
1355 1738 1426 1777 pro
1445 1725 1617 1775 redemp·
1637 1725 1689 1764 25

203 1791 308 1832 tione
334 1791 485 1831 iuuenis
513 1790 716 1842 pecuniam
744 1789 926 1840 accipere.
981 1787 1158 1838 Rogabat
1185 1798 1276 1837 ergo
1304 1798 1372 1825 rex
1407 1784 1618 1835 loripedem

201 1850 387 1902 quatinus
424 1849 555 1890 iuueni
591 1862 753 1901 parcens
787 1848 978 1899 duplicem
1019 1846 1201 1898 reciperet
1228 1843 1444 1897 pecuniam.
1506 1842 1619 1891 Quod

202 1923 293 1950 cum
321 1909 385 1949 illo
411 1913 580 1960 negante
618 1908 754 1948 diebus
790 1907 921 1947 multis
954 1906 1104 1946 efficere
1144 1908 1360 1951 conaretur,
1398 1915 1486 1942 ecce
1521 1913 1619 1940 uxor

207 1969 308 2009 illius
345 1968 445 2008 uirili
480 1973 636 2020 sumpto
673 1967 808 2007 habitu
847 1967 1034 2017 uultuque
1070 1970 1108 2005 et
1143 1976 1239 2004 uoce
1266 1963 1414 2014 magica
1440 1974 1511 2001 sua
1537 1964 1619 2000 arte

205 2028 364 2069 mutatis
404 2033 495 2068 ante
535 2027 634 2079 regis
685 2026 868 2079 palatium
908 2038 1009 2076 equo
1047 2023 1244 2064 descendit
1289 2033 1495 2074 regemque
1540 2018 1619 2059 adit
1636 2022 1691 2061 30

209 2092 507 2138 reuerenterque
548 2087 700 2127 salutat.
756 2085 943 2136 Inquisita
982 2089 1112 2124 autem
1148 2096 1223 2134 que
1260 2086 1360 2122 esset
1396 2085 1463 2120 aut
1502 2078 1618 2133 unde,

203 2146 364 2187 militem
392 2159 434 2186 se
461 2158 547 2186 esse
574 2145 772 2197 respondit
791 2145 839 2184 de
865 2143 1010 2184 ultimis
1038 2142 1174 2183 mundi
1198 2141 1371 2194 partibus
1397 2138 1617 2188 oriundum,

320 2319 335 2353 1
352 2316 509 2353 reuoluit
533 2319 569 2352 et
593 2317 685 2360 fehlt
710 2316 754 2350 L.
773 2335 815 2343 —
838 2316 860 2350 6
873 2314 981 2359 aliqu.
994 2325 1069 2349 nur
1093 2314 1126 2349 L
1139 2333 1184 2340 —
1196 2311 1372 2348 dormisse
1387 2310 1428 2347 V.
1454 2327 1497 2335 —
1512 2309 1535 2342 9
1547 2308 1620 2344 leta

202 2371 304 2407 Cani.
330 2372 408 2414 Eb„
433 2371 523 2415 fehlt
548 2370 751 2405 aberall.-
780 2369 824 2404 15
848 2367 1020 2404 ulciscere
1044 2366 1213 2402 iniuriam
1242 2364 1368 2409 OPpV
1388 2383 1435 2390 --
1458 2373 1540 2408 gan.
1565 2364 1620 2397 est

205 2425 336 2471 ofiW.
359 2444 402 2450 —
430 2425 471 2460 17
486 2424 677 2470 proferens
693 2423 778 2467 OPp
786 2423 826 2457 V.
840 2443 886 2448 —
902 2422 945 2457 19
958 2421 1121 2457 horreret
1137 2420 1269 2464 OPpV.
1288 2438 1334 2445 -
1347 2417 1395 2452 20
1406 2427 1505 2461 quer.
1518 2413 1621 2450 andi-

199 2481 304 2515 tums
322 2478 363 2514 V.
383 2498 428 2504 —
445 2477 493 2512 24
514 2477 576 2512 dat
598 2488 627 2512 s.
640 2475 808 2522 princeps
826 2476 897 2520 Pp3
922 2475 985 2510 dat
1006 2474 1153 2509 &iudex
1169 2475 1208 2507 vt
1230 2472 1332 2507 iuxta
1354 2474 1517 2506 tenorem
1533 2467 1620 2503 ciro-

205 2530 332 2578 graphi
342 2531 486 2567 iuuenis
503 2530 667 2576 paciatur
682 2533 744 2565 ant
760 2539 820 2574 qu.
828 2528 961 2573 loripes
970 2527 1041 2563 nol.
1056 2528 1085 2562 Ο
1097 2527 1193 2561 -25
1205 2523 1379 2570 quidquid
1391 2523 1511 2567 cir.Pp
1517 2522 1559 2556 V.
1573 2540 1618 2547 —-

202 2585 385 2621 25detest.
398 2585 464 2630 ἢ).
482 2603 527 2610 -
545 2585 592 2620 26
609 2583 769 2628 recipere
788 2583 830 2625 V,
856 2582 1035 2627 acciperet
1052 2582 1119 2625 Pp.
1150 2598 1189 2605 -
1215 2579 1260 2614 27
1278 2578 1478 2622 receptaret
1497 2576 1537 2616 Ο,
1565 2584 1621 2609 ac-

199 2637 335 2683 ciperet
347 2638 402 2683 sp
411 2638 451 2673 V.
464 2657 508 2663 —
531 2638 575 2673 31
603 2647 718 2673 reuer.
732 2636 831 2672 C'om'.
843 2636 923 2680 Eb„
948 2643 1146 2680 regemque
1157 2633 1224 2668 LO
1231 2633 1272 2675 V,
1290 2631 1482 2679 ipsumque
1494 2629 1559 2673 ἢ).
1573 2646 1621 2654 «-

205 2692 250 2728 31
276 2690 392 2737 qualis
410 2694 504 2727 osset
531 2690 665 2735 OPpV.
683 2709 729 2715 —
746 2690 792 2724 32
817 2699 856 2725 se
881 2689 959 2724 fore
987 2688 1120 2733 OPpV.

281 2755 471 2790 sumum
488 2753 800 2783 mittenatedmncher
816 2753 925 2781 Texta.
949 2752 976 2780 ⁶.
992 2746 995 2749 '
1461 2745 1479 2773 5
