1806 3022
804 221 1051 260 -6-

222 348 342 375 senex
370 348 458 375 cum
487 336 615 376 uetula
642 336 724 376 sola
751 335 867 376 fortes
895 336 1114 388 garrulitate
1142 341 1291 376 ueteres
1320 341 1428 376 actus
1457 349 1549 376 suos
1576 350 1633 376 re—

222 399 424 435 censentes
443 394 536 434 uino
563 408 671 435 mero
690 395 794 435 sitim
820 395 1046 447 ydropicam
1066 395 1346 451 temperabant,
1374 400 1411 435 et
1439 399 1632 435 certamen

222 459 303 493 erat
330 467 519 494 euacuare
546 454 706 506 cyphos.

221 512 338 600 Rex
365 517 496 554 autem
517 513 753 566 Dolopathos
782 527 871 554 cum
899 514 976 565 iugi
996 527 1088 565 pace
1116 514 1305 554 frueretur
1324 520 1362 554 et
1389 514 1538 554 diuiciis
1567 515 1632 554 ha-

175 573 200 610 5
325 573 517 614 bundaret
558 573 826 624 subiectasque
859 573 1019 614 haberet
1058 574 1159 614 circa
1197 587 1239 614 se
1272 575 1416 626 positas
1457 574 1632 615 nationes

219 632 441 683 uideretque
469 633 517 673 ad
545 633 650 685 pacis
678 632 910 673 beneficium
938 638 974 673 et
994 633 1216 673 deliciarum
1245 634 1526 674 oblectamenta
1552 634 1631 674 ani-

218 703 304 732 mos
332 691 560 732 bellatorum
588 705 748 732 suorum
776 691 926 732 desides
955 692 1052 732 effici
1080 697 1117 732 et
1146 693 1255 733 uirile
1283 693 1401 733 robur
1430 693 1470 732 in
1498 693 1631 733 mulie-

218 750 327 791 brem
354 751 495 791 resolui
524 751 742 800 molliciem,
781 751 917 791 uolens
944 752 1036 791 huic
1073 752 1210 792 morbo
1245 753 1446 792 consulere
1479 753 1632 792 diuersa

217 810 402 851 exercicia
420 810 605 851 militibus
623 810 800 858 instituit,
830 811 1034 862 quintanas
1055 811 1228 852 uidelicet
1257 817 1294 852 et
1311 812 1481 864 lapidum
1510 812 1631 852 iactus

150 868 199 907 10
217 882 429 921 cursusque
462 883 652 921 equorum
687 875 724 910 et
756 870 974 917 hastiludia,
1018 884 1161 922 magna
1188 872 1291 911 dona
1319 884 1540 923 proponens
1575 872 1631 911 eis

217 928 282 979 qui
309 929 349 968 in
378 929 575 969 exerciciis
601 929 784 981 legittime
812 930 1062 969 decertarent.
1118 930 1264 970 Deinde
1283 943 1377 971 uero
1405 944 1473 983 per
1502 930 1630 983 singu-

215 987 272 1028 las
300 988 409 1040 regni
428 989 489 1029 sui
516 988 688 1029 ciuitates
708 989 792 1029 uice
811 989 1013 1029 duodecim
1033 995 1256 1029 senatorum
1277 990 1450 1030 eiusdem
1478 991 1629 1030 numeri

216 1047 412 1088 constituit
446 1048 629 1096 seniores,
659 1048 723 1099 qui
758 1047 922 1088 ciuitatis
950 1048 1143 1100 totiusque
1179 1049 1287 1101 regni
1322 1049 1471 1090 utilitati
1506 1050 1629 1101 proui-

215 1107 350 1146 dentes
379 1107 510 1147 ciuiles
539 1121 691 1158 quoque
720 1120 856 1147 causas
891 1113 927 1147 et
955 1108 1140 1159 populum
1174 1109 1392 1149 subiectum
1426 1109 1500 1149 sibi
1527 1110 1629 1149 iusto

148 1163 196 1202 15
216 1165 354 1205 iudicio
370 1172 665 1218 componerent;
685 1166 878 1218 promouit
897 1166 1018 1207 eciam
1038 1167 1284 1207 emeritorum
1305 1167 1404 1208 filios
1423 1169 1472 1208 ad
1491 1169 1630 1208 decora

216 1224 393 1266 militaria
420 1225 656 1277 largitusque
685 1231 743 1265 est
777 1226 937 1277 singulis
966 1227 1180 1266 secundum
1218 1227 1370 1278 generis
1403 1227 1628 1279 dignitatem

215 1289 251 1323 et
280 1285 358 1324 uite
385 1285 567 1325 meritum
595 1284 812 1336 dignitates.
869 1286 1008 1324 Adhuc
1027 1285 1203 1337 ampliori
1232 1286 1354 1337 gloria
1381 1291 1418 1326 et
1446 1286 1628 1337 religione

214 1356 377 1395 regnum
397 1357 512 1384 suum
540 1343 699 1396 cupiens
719 1344 887 1384 exaltare
916 1344 1013 1396 cepit
1032 1358 1099 1396 per
1127 1345 1301 1386 diuersas
1329 1345 1437 1397 regni
1457 1345 1628 1386 ciuitates

213 1401 286 1442 diis
305 1402 449 1455 templa
475 1403 627 1455 magnis
656 1403 875 1455 sumptibus
903 1417 926 1443 a
954 1403 1213 1445 fundamentis
1242 1404 1398 1456 erigere,
1428 1405 1628 1457 pontifices

141 1459 194 1498 20
213 1461 252 1501 in
282 1462 336 1502 eis
365 1463 570 1511 collocans,
599 1462 664 1514 qui
692 1462 764 1503 diis
793 1477 861 1514 per
898 1463 1070 1515 singulos
1104 1464 1184 1504 dies
1220 1465 1401 1504 offerrent
1443 1464 1629 1505 libamina

212 1526 250 1560 et
278 1534 348 1573 pro
376 1535 448 1562 sua
476 1524 598 1562 salute
625 1527 662 1563 et
690 1522 798 1574 regni
826 1527 927 1562 statu
957 1522 1183 1563 numinibus
1219 1524 1488 1575 supplicarent.
1536 1524 1627 1564 Erat

213 1579 317 1620 enim
346 1594 413 1621 rex
443 1582 604 1622 deorum
631 1582 788 1622 sedulus
804 1582 938 1630 cultor,
967 1582 1021 1622 eis
1049 1583 1187 1622 deuote
1215 1584 1403 1623 exhibens
1432 1583 1626 1635 pietatem,

212 1652 300 1679 cum
328 1640 403 1681 hoc
432 1646 563 1681 tamen
592 1641 640 1681 sit
674 1641 850 1692 impietas
878 1642 981 1693 apud
1010 1642 1144 1690 deum;
1180 1643 1247 1682 sed
1286 1644 1463 1683 nondum
1502 1642 1536 1683 ei
1565 1644 1627 1682 uel

213 1699 385 1750 partibus
418 1700 490 1740 illis
519 1701 567 1740 de
601 1713 755 1740 summo
785 1713 954 1751 ueroque
982 1701 1054 1740 deo
1082 1701 1288 1752 quicquam
1317 1702 1440 1742 fuerat
1468 1702 1625 1742 nuncia—

144 1756 195 1796 25
216 1762 310 1806 tum,
341 1758 430 1810 quia
463 1760 638 1800 nondum
676 1760 818 1799 ueritas
848 1759 921 1807 illa,
959 1759 1023 1799 illa
1051 1760 1172 1811 pietas
1211 1762 1258 1801 de
1292 1761 1383 1801 celis
1421 1763 1471 1801 ad
1505 1766 1625 1801 terras

212 1818 462 1858 descenderat
491 1832 564 1870 que
591 1820 751 1859 doctura
779 1824 859 1859 erat
892 1819 1073 1859 homines
1102 1833 1225 1860 unum
1259 1821 1375 1860 deum
1410 1821 1450 1860 in
1491 1821 1623 1872 spiritu

209 1877 380 1917 adorare.
412 1877 550 1918 Omnis
578 1878 691 1930 igitur
710 1883 789 1918 etas
819 1878 880 1918 uel
907 1891 1036 1926 sexus,
1064 1878 1225 1919 iuuenes
1245 1885 1282 1920 et
1301 1880 1481 1932 uirgines,
1510 1893 1623 1920 senes

209 1947 298 1975 cum
317 1935 530 1977 iunioribus
549 1937 642 1989 regi,
671 1942 867 1977 tantorum
888 1937 1165 1978 beneficiorum
1184 1939 1344 1987 auctori,
1373 1939 1520 1990 gracias
1541 1940 1621 1979 red-

327 2076 343 2111 1
372 2086 446 2111 sen.
472 2079 508 2111 et
532 2086 567 2111 u.
594 2077 626 2111 L
643 2096 688 2101 --
713 2076 790 2112 sola
813 2078 903 2121 fehlt
931 2077 1117 2123 OPpV—
1135 2089 1284 2113 aceruos
1309 2089 1393 2114 suos
1423 2080 1555 2125 OPpV.
1577 2102 1621 2107 —

207 2129 228 2163 2
253 2128 341 2164 uino
367 2140 505 2165 meram
532 2130 563 2164 L
599 2150 644 2156 —
671 2132 705 2165 et
729 2130 831 2166 labor
855 2141 948 2166 vnus
977 2132 1053 2173 ΟΥ,
1080 2134 1115 2167 et
1139 2131 1244 2167 labor
1268 2133 1458 2168 vniuersus
1485 2134 1548 2178 Pp.
1577 2155 1620 2160 -—

206 2182 229 2216 4
252 2182 440 2228 dolopatos
466 2183 508 2225 L,
546 2182 760 2228 dolophatos
793 2185 825 2218 V
848 2185 978 2228 (stete),
1005 2184 1220 2230 dolopathus
1245 2186 1299 2230 Pp
1342 2204 1385 2210 -
1426 2189 1461 2221 et
1487 2187 1622 2231 delicijs

211 2235 294 2279 OPp
305 2236 346 2271 V.
378 2254 420 2260 —
459 2236 480 2270 6
506 2235 550 2271 ad
576 2239 740 2281 optatum
765 2236 846 2273 ben.
880 2238 919 2272 V.
955 2256 996 2263 -
1036 2238 1057 2271 9
1083 2238 1282 2283 quindenas
1310 2239 1410 2283 0Pp;
1438 2239 1518 2274 inst.
1547 2251 1622 2285 per·

206 2288 346 2332 agenda
370 2287 505 2325 scilicet
528 2289 598 2335 lap.
625 2289 665 2324 V.
696 2308 733 2315 —
757 2290 801 2325 10
825 2301 1042 2335 cursumque
1068 2292 1109 2326 L.
1140 2310 1180 2317 —
1207 2292 1243 2327 h.
1261 2292 1384 2336 eisque
1407 2293 1442 2328 d.
1460 2294 1617 2329 maxima

207 2341 419 2385 promittens
435 2342 497 2387 qui
517 2342 601 2387 OPp
610 2343 650 2378 V.
668 2363 713 2369 —
734 2343 776 2378 12
794 2343 828 2378 d.
845 2346 1030 2379 senatores
1047 2354 1077 2379 e.
1096 2344 1145 2387 (in
1163 2344 1299 2381 eisdem
1315 2355 1428 2381 vnum
1449 2345 1490 2388 Ο)
1507 2351 1619 2382 const.

205 2397 390 2430 senatores
415 2396 632 2438 (senatorem
653 2396 692 2438 Ο)
721 2396 805 2441 OPp
813 2397 853 2432 V.
874 2416 918 2422 -—
939 2397 982 2433 13
1008 2397 1197 2434 ciuitatum
1225 2398 1350 2443 OPpV
1368 2418 1410 2424 —
1428 2399 1619 2436 utilitatem

206 2449 249 2489 L,
274 2448 487 2484 utilitatibus
520 2450 554 2484 V
575 2469 619 2476 —
645 2448 840 2495 prouidens
858 2478 866 2486 .
886 2478 917 2486 ..
938 2455 1171 2496 componeret
1198 2451 1238 2488 O.
1264 2472 1310 2479 —-
1339 2453 1382 2487 15
1406 2457 1618 2489 cunctorum

205 2500 228 2536 f.
255 2501 289 2535 Υ
308 2520 353 2526 --
379 2502 508 2538 decora
537 2503 636 2538 Cani.
665 2503 767 2546 (Ea),
792 2513 894 2539 sacra
919 2504 989 2539 alle
1013 2505 1101 2541 Has.
1134 2524 1178 2530 --
1217 2506 1259 2540 16
1283 2505 1509 2542 nobilitatem
1535 2513 1620 2542 statt

205 2554 302 2598 dign.
327 2555 466 2599 schlayt
489 2556 554 2591 E'b.
580 2566 714 2592 v0r.-
734 2557 777 2592 19
802 2556 858 2592 dei
886 2560 909 2592 t.
940 2558 1072 2602 OPpV.
1088 2577 1133 2583 —
1149 2570 1177 2593 s.
1203 2562 1238 2593 et
1256 2558 1278 2594 t‘.
1306 2560 1403 2605 LPp.
1419 2561 1519 2596 -21
1544 2572 1618 2597 mu-

205 2607 352 2643 neribus
379 2608 477 2654 Οῆ).
497 2627 539 2634 -
557 2610 603 2645 23
629 2610 697 2645 hoc
722 2612 747 2645 t.
772 2610 861 2654 fehlt
890 2610 1014 2656 OPpV
1029 2632 1073 2638 —
1099 2622 1183 2647 cum
1208 2612 1253 2647 sit
1277 2623 1420 2649 summa
1445 2614 1558 2660 pietas
1592 2616 1624 2650 Υ

206 2679 248 2685 -
275 2671 310 2696 n.
336 2660 374 2697 in
399 2673 432 2708 p.
458 2662 481 2698 i.
510 2662 596 2708 OPp
606 2664 645 2697 V.
672 2684 716 2690 —
743 2663 789 2698 24
813 2674 969 2700 annunc.
1003 2665 1043 2700 V.
1071 2685 1111 2690 —
1138 2666 1183 2700 25
1209 2665 1340 2711 illaque
1365 2678 1398 2712 p.
1424 2668 1506 2713 PV,
1534 2679 1618 2704 vera

207 2713 228 2749 i.
256 2725 289 2759 p.
319 2716 348 2750 Ο
372 2735 416 2742 -
442 2714 487 2750 ad
511 2719 645 2752 terram
671 2716 745 2754 LO.
773 2735 818 2742 -
844 2717 889 2752 26
914 2717 1078 2754 doctrina
1104 2719 1239 2764 LPpV.
