1800 2930
773 239 1047 279 -49-

202 355 253 395 At
281 355 362 395 ille:
400 354 516 402 Ciuis,
544 353 608 402 ait,
647 366 735 393 sum
763 353 964 393 Romanus
998 366 1177 403 unusque
1210 354 1258 393 de
1286 358 1434 405 septem
1467 352 1616 405 sapien-

202 415 310 455 tibus
355 414 471 454 dicor.
544 413 657 453 Soleo
704 412 943 452 incessanter
982 425 1116 464 regum
1160 412 1453 464 principumque
1492 412 1618 453 curias

205 475 458 526 frequentare,
495 472 655 512 circuire
691 471 876 520 ciuitates,
915 471 1021 511 uicos
1055 477 1092 511 et
1129 472 1294 519 castella,
1333 472 1481 520 iudicia,
1515 473 1619 523 leges

205 546 410 584 moresque
437 532 638 584 regionum
667 531 925 582 quarumlibet
944 531 1202 582 inuestigans3
1231 544 1345 571 casus
1364 532 1614 583 fortunasque

204 592 409 632 hominum
437 591 679 631 audientibus
700 604 829 638 narr-0,
858 603 1011 641 semper
1030 590 1181 630 discens
1201 603 1429 641 semperque
1457 591 1612 630 docens.
1661 593 1687 631 5

205 651 268 692 Sic
296 656 451 691 euntem
480 651 527 690 de
554 650 639 689 loco
667 650 716 689 ad
743 650 872 689 locum
900 650 1066 697 fortuna,
1102 662 1183 689 non
1212 649 1419 689 necessitas
1458 662 1521 689 me
1549 650 1618 688 tibi

200 710 352 751 obtulit.
409 709 485 750 Sed
513 710 632 749 miror
661 722 733 749 nec
761 709 852 748 satis
881 709 1010 748 mirari
1038 708 1186 748 sufficio
1214 709 1406 759 quomodo
1434 714 1513 748 tam
1542 710 1616 748 ele-

204 775 361 822 gantem
396 769 520 808 forma
556 769 763 819 animoque
806 769 1036 820 prudentem
1074 768 1196 807 filium
1233 768 1404 816 unicum,
1442 768 1619 818 quicquid

202 830 289 869 licet
316 828 377 869 uel
406 833 594 879 quantum
622 827 847 879 peccauerit,
877 828 1043 867 flammis
1071 827 1178 867 exuri
1207 833 1271 867 tua
1300 827 1448 867 uiscera
1475 828 1620 879 patian-

202 894 277 928 tur.
332 888 477 927 Verum
518 893 726 937 antequam
754 901 777 926 a
809 892 847 926 te
883 888 1072 934 recedam,
1116 887 1301 926 tributum
1343 887 1445 937 quod
1480 886 1616 926 ceteris
1639 883 1687 921 10

203 948 357 999 regibus
398 948 549 987 soluere
586 952 719 987 teneor
759 946 826 986 tibi
867 947 1038 987 soluam:
1077 947 1244 986 narrabo
1285 947 1388 997 quod
1423 947 1619 997 quondam

197 1007 349 1055 accidit,
378 1007 412 1046 si
429 1007 563 1046 iubeas
583 1019 646 1046 me
676 1006 809 1046 audiri.
848 1006 1006 1046 Cunctis
1026 1019 1116 1057 ergo
1144 1006 1251 1046 iussu
1277 1006 1376 1057 regis
1404 1005 1620 1046 tacentibus

197 1067 370 1119 sapiens,
398 1067 439 1106 in
467 1066 651 1106 eminenti
678 1066 763 1106 loco
791 1066 951 1117 positus,
981 1066 1036 1105 sic
1063 1065 1215 1117 incipit:

427 1167 670 1224 [Historia
701 1165 894 1211 secundi
925 1165 1176 1222 sapientis:
1209 1164 1392 1222 Gaza]

200 1244 318 1334 Fuit
354 1244 513 1295 antiquo
548 1250 721 1296 tempore
757 1257 826 1283 rex
863 1244 1019 1294 quidam
1055 1257 1220 1295 magnus
1258 1248 1295 1283 et
1337 1249 1489 1295 potens.
1546 1243 1620 1292 Qui

289 1304 548 1355 congregandi
568 1304 771 1343 thesauros
791 1302 1002 1342 maximam
1030 1315 1163 1342 curam
1191 1303 1341 1342 habens
1370 1316 1511 1354 magne
1540 1303 1619 1342 alti·
1643 1306 1690 1345 15

200 1363 347 1403 tudinis
372 1362 660 1414 latitudinisque
688 1362 825 1402 turrim
853 1375 959 1410 auro,
989 1367 1147 1413 argento
1175 1362 1433 1413 preciosisque
1463 1362 1619 1413 quibus-

201 1435 368 1473 cumque
395 1423 512 1462 rebus
539 1436 662 1473 usque
690 1423 738 1462 ad
766 1435 964 1461 summum
993 1422 1217 1473 repleuerat.
1274 1421 1452 1461 Habebat
1491 1426 1621 1461 autem

202 1483 267 1522 hic
299 1482 458 1522 militem
499 1495 614 1533 quem
654 1481 694 1521 in
735 1481 866 1520 multis
901 1481 1052 1520 fidelem
1087 1486 1267 1532 expertus
1307 1481 1444 1529 fuerat,
1482 1481 1543 1521 cui
1581 1487 1619 1521 et

196 1542 331 1582 claues
359 1541 418 1581 sui
446 1541 637 1581 commisit
664 1540 846 1580 thesauri.
902 1540 954 1579 At
980 1540 1089 1580 miles
1117 1541 1343 1580 thesaurum
1381 1541 1618 1580 seruandum

206 1601 431 1652 suscipiens,
460 1613 550 1640 cum
578 1601 655 1640 iam
673 1600 803 1639 multis
830 1600 944 1640 annis
963 1600 1126 1640 euolutis
1144 1600 1277 1639 labore
1296 1605 1333 1639 et
1352 1599 1459 1639 senio
1479 1600 1621 1640 fractus
1641 1603 1692 1643 20

200 1666 306 1701 esset
333 1673 407 1700 nec
426 1665 557 1711 posset
584 1660 662 1700 iam
681 1660 890 1699 tumultum
909 1672 1120 1710 curamque
1147 1659 1250 1699 curie
1269 1659 1472 1708 sustinere,
1492 1672 1622 1710 regem

204 1720 346 1760 obnixe
386 1720 544 1771 rogabat
585 1724 775 1770 quatenus
815 1732 884 1758 sue
920 1719 1099 1771 deinceps
1135 1719 1318 1758 debilitati
1358 1719 1622 1770 senectutique

210 1792 372 1831 parcens
399 1780 528 1819 claues
556 1780 615 1818 sui
642 1779 813 1819 thesauri
851 1778 1034 1830 reciperet
1074 1791 1242 1829 eumque
1278 1778 1421 1818 sineret
1457 1779 1506 1819 ad
1534 1792 1619 1830 pro-

207 1838 332 1891 priam
359 1838 483 1878 redire
510 1840 670 1878 domum
697 1838 902 1889 liceretque
920 1838 953 1877 ei
982 1838 1082 1877 inter
1109 1837 1205 1877 filios
1226 1838 1416 1888 reliquum
1443 1837 1522 1877 uite
1549 1851 1622 1877 sue

205 1903 360 1949 tempus
390 1898 562 1949 quietum
598 1899 738 1938 ducere
778 1902 816 1937 et
843 1897 1064 1937 iocundum.
1119 1898 1204 1936 Rex
1240 1910 1334 1937 uero
1370 1897 1621 1937 considerans
1641 1899 1693 1938 25

204 1958 308 2008 quod
335 1957 611 1997 rationabiliter
630 1957 924 2007 necessarioque
950 1962 1104 2008 peteret,
1133 1969 1224 1996 eum
1253 1956 1405 2008 magnis
1434 1958 1621 1996 donatum

206 2017 433 2057 muneribus
461 2022 608 2056 mestus
636 2022 767 2056 tamen
795 2016 901 2055 abire
940 2016 1122 2067 permisit.
1178 2016 1355 2067 Receptis
1382 2016 1510 2067 itaque
1546 2017 1622 2055 cla-

205 2076 321 2116 uibus
348 2081 386 2116 et
404 2077 587 2116 thesauro
605 2076 733 2127 ipsum
760 2076 898 2115 iterum
918 2075 979 2115 alii
1007 2075 1198 2115 commisit
1217 2076 1466 2115 seruandum.
1512 2075 1621 2114 Miles

202 2141 337 2176 autem
352 2137 512 2175 domum
525 2136 688 2176 ueniens
707 2149 841 2175 curam
864 2135 936 2175 sibi
956 2147 1102 2186 sueque
1116 2135 1255 2175 familie
1274 2134 1457 2174 sollicitus
1477 2134 1620 2186 impen-

204 2196 334 2236 debat.
390 2195 569 2235 Habebat
586 2195 650 2235 hic
676 2195 818 2235 multos
838 2194 949 2243 filios,
977 2207 1143 2245 quorum
1162 2193 1439 2246 primogenitus
1467 2193 1621 2233 militari
1639 2195 1694 2234 30

327 2315 343 2348 1
371 2313 416 2349 de
440 2324 468 2349 s.
494 2313 696 2348 senioribus
720 2312 755 2348 d.
784 2313 862 2348 01⁷.
903 2331 943 2337 —
982 2312 1004 2346 2
1034 2322 1107 2347 cur.
1132 2311 1277 2347 visitare
1301 2312 1405 2356 PpV.
1443 2330 1487 2336 —
1518 2311 1543 2346 4
1566 2311 1621 2347 in-

205 2366 384 2411 uestigare
405 2366 537 2411 OPpV.
564 2387 609 2392 —
635 2367 655 2401 7
681 2366 767 2401 satis
791 2366 881 2410 fehlt
904 2366 1008 2410 PpV.
1035 2385 1080 2390 —
1104 2365 1163 2408 819
1180 2365 1312 2410 quidve
1330 2364 1453 2400 fecerit
1476 2365 1535 2400 uel
1559 2375 1620 2410 qu.

204 2430 241 2465 p.
269 2420 308 2464 0,
336 2419 505 2465 quicquid
530 2420 654 2455 fecerit
677 2422 900 2465 quantumve
923 2430 957 2463 p.
997 2419 1038 2453 V.
1072 2438 1114 2446 —
1150 2419 1190 2453 11
1217 2429 1253 2454 n.
1279 2418 1364 2463 quia
1388 2419 1431 2453 L.
1457 2439 1502 2445 —
1530 2419 1574 2454 13
1598 2418 1622 2453 l.

207 2475 307 2508 stans
323 2473 422 2508 simi.
436 2472 559 2508 dicens
586 2472 718 2518 OPpV.
744 2489 790 2498 -·
820 2473 863 2507 16
887 2475 1108 2517 argenter
1132 2471 1356 2516 gemmisque
1381 2482 1422 2506 ac
1447 2471 1617 2517 preciosis

214 2526 250 2560 V
269 2546 315 2553 —-
339 2526 542 2571 quibusque
566 2526 647 2562 LV.
674 2547 718 2552 —
753 2526 796 2561 18
820 2524 882 2570 qui
908 2525 981 2570 (qui
1006 2525 1074 2560 sibi
1106 2526 1155 2568 V)
1181 2526 1218 2560 in
1243 2536 1292 2560 m.
1317 2524 1432 2560 fidelis
1456 2527 1621 2570 repertus

208 2579 234 2615 f.
263 2580 395 2625 ospV.
414 2598 456 2605 --
478 2580 521 2615 19
547 2579 603 2614 sui
627 2579 716 2623 fehlt
736 2580 868 2624 OPpV.
884 2599 930 2605 —
954 2579 1002 2613 20
1025 2579 1099 2614 iam
1123 2579 1213 2621 fehlt
1240 2578 1372 2623 OPpV.
1399 2598 1445 2605 —
1469 2578 1515 2613 23
1535 2589 1620 2613 eum

205 2631 276 2668 sin.
290 2633 405 2668 eciam
426 2632 472 2668 ad
491 2632 635 2678 propria
659 2633 734 2667 red.
750 2632 774 2667 1.
789 2633 856 2676 Pp.
870 2650 916 2656 —
933 2632 980 2667 24
992 2642 1057 2667 sue
1068 2634 1093 2666 t.
1107 2632 1197 2675 fehlt
1222 2632 1264 2666 L.
1278 2649 1325 2656 —
1338 2631 1384 2667 26
1397 2641 1474 2666 nec.
1488 2631 1618 2666 aflectu

207 2696 294 2721 cum
317 2696 366 2720 m.
392 2685 498 2721 donis
521 2689 558 2721 et
583 2697 631 2721 m.
657 2686 734 2721 OV.
767 2684 882 2719 -·29
907 2695 1031 2721 curam
1055 2684 1111 2720 sui
1135 2694 1200 2720 sue
1224 2684 1248 2719 f.
1278 2684 1404 2729 OspV
1433 2704 1472 2726 ,—
1500 2684 1619 2719 inten-

207 2738 318 2774 debat
347 2739 389 2774 V.
413 2757 462 2764 —
485 2739 533 2774 30
556 2738 691 2774 Habuit
719 2739 803 2783 0sp
811 2739 851 2773 V.

280 2802 467 2836 Sammlung
484 2802 795 2831 mittellatelnlscher
811 2802 920 2830 Texte.
946 2796 986 2829 6.'
1462 2801 1480 2827 4
