1800 2930
814 143 975 197 ...“36
1036 181 1087 187 ..-

245 281 287 316 ut
312 275 408 327 lapis
427 274 658 315 insensibilis
685 275 912 314 habebatur.
952 274 1014 314 Sic
1042 275 1140 314 duos
1160 274 1293 325 regina
1320 286 1466 324 sueque
1491 273 1662 325 uirgines

243 335 284 375 in
312 348 467 375 cassum
495 335 689 374 duxerunt
717 334 808 374 dies.

243 393 331 482 At
358 395 489 446 regina
515 394 650 434 dolens
684 407 797 433 suam
826 407 849 433 a
875 393 1017 433 iuuene
1054 392 1181 432 deludi
1210 391 1504 431 sollicitudinem
1538 391 1660 443 magis

342 453 563 493 deliberauit
600 453 847 504 semetipsam
884 465 1078 503 exponere
1106 465 1224 501 quam
1263 451 1365 502 quod
1395 456 1552 502 cuperet
1579 464 1660 490 non

200 514 224 553 5
245 513 424 565 expleret,
489 512 714 552 Preciosiori
762 511 875 563 igitur
913 511 1022 551 solito
1072 511 1176 550 cultu
1217 523 1260 549 se
1300 515 1489 562 preparat,
1528 515 1661 561 pectus

243 573 420 624 gemmis,
453 572 577 612 anulis
612 584 766 619 manus,
804 571 945 610 collum
981 570 1130 609 circulis
1166 570 1389 617 circumdat,
1425 570 1534 616 lacte,
1562 570 1660 610 rosis

242 632 377 672 faciem
405 631 536 683 pingit,
566 631 669 670 addit
697 630 886 682 duplicem
915 635 1077 677 uestem,
1107 642 1203 668 auro
1223 629 1407 669 uerticem
1436 629 1565 680 cingit,
1596 631 1660 670 dat

242 705 402 732 auream
442 703 571 730 errare
608 703 760 730 comam
798 703 866 740 per
905 689 1103 728 humeros.
1166 689 1279 728 Hanc
1322 689 1376 728 sic
1410 690 1564 738 cultam,
1607 689 1661 729 sic

242 756 415 803 paratam
435 750 466 790 si
486 750 651 796 uideres,
681 754 837 800 putares
857 750 1018 788 alteram
1038 748 1229 788 Helenam
1257 753 1294 788 te
1322 748 1464 797 uidere,
1496 762 1563 800 pro
1585 762 1662 800 qua

175 810 225 849 10
243 810 381 850 iterum
409 810 546 849 merito
573 814 676 848 totus
704 809 842 849 Oriens
872 813 1194 848 commoneretur.
1250 808 1341 848 Eius
1370 809 1475 848 enim
1504 808 1661 848 candori

243 874 463 921 comparata
491 869 696 919 nigrabant
723 868 810 915 lilia,
846 881 934 907 rose
963 868 1157 919 pallebant
1193 869 1349 907 admote
1377 868 1519 908 rubori.
1576 868 1660 908 Tali

242 929 354 980 igitur
394 929 510 974 cultu,
565 933 674 968 tanta
721 932 870 967 armata
910 927 1194 978 pulchritudine
1242 928 1376 979 puellis
1423 942 1446 967 a
1489 928 1660 967 thalamo

242 988 404 1028 exclusis
463 988 646 1027 iuuenem
708 987 916 1035 inermem,
969 986 1130 1026 omnino
1193 987 1377 1038 pudicicie
1445 994 1659 1039 protectum

242 1048 358 1088 armis
405 1047 635 1099 aggreditur,
684 1046 833 1086 obsidet
875 1046 1064 1097 undique,
1106 1046 1359 1086 circumuenit
1405 1047 1659 1099 multiphariis

175 1107 222 1145 15
242 1107 552 1158 multimodisque
615 1106 872 1155 sermonibus,
941 1106 1198 1157 enigmatibus
1256 1106 1373 1146 uariis
1436 1106 1658 1158 interrogat.

241 1167 374 1207 Uibrat
411 1167 474 1206 illa
509 1166 629 1218 ignita
666 1165 864 1217 Cupidinis
901 1166 1041 1214 iacula,
1085 1166 1286 1205 machinas
1324 1167 1516 1214 admouet,
1554 1166 1660 1205 illam

241 1227 502 1266 firmissimam
540 1226 698 1277 cupiens
736 1230 909 1265 euertere
957 1226 1121 1276 pectoris
1169 1239 1311 1274 arcem,
1355 1230 1393 1265 et
1430 1239 1535 1265 nunc
1575 1239 1659 1278 pro-

240 1286 322 1338 pria
374 1286 595 1334 lambendo,
652 1285 946 1337 comprimendo
1006 1286 1258 1336 sugendoque
1312 1286 1502 1334 labellula,
1554 1299 1660 1325 nunc

241 1346 473 1397 obliquando
502 1345 914 1395 circumflectendoque
942 1344 981 1383 in
1011 1357 1102 1384 eum
1138 1345 1268 1384 oculos
1296 1345 1525 1396 impudicos,
1553 1358 1660 1384 nunc

170 1403 223 1441 20
241 1405 419 1456 agitando
459 1405 617 1444 brachia
654 1405 702 1444 ad
740 1404 911 1444 duellum
949 1403 1188 1454 Uenerisque
1226 1410 1423 1444 certamen
1462 1410 1658 1456 prouocat.

241 1465 318 1504 Sed
350 1464 411 1504 ille
449 1469 629 1515 pretenso
669 1463 909 1504 continencie
947 1463 1079 1515 clypeo
1115 1463 1237 1503 iacula
1271 1464 1550 1515 machinasque
1577 1464 1659 1504 eius

240 1524 384 1563 fortiter
403 1524 568 1575 repellit;
598 1537 669 1563 nec
689 1528 820 1563 tamen
842 1523 989 1563 desistit
1016 1523 1078 1562 illa
1097 1523 1229 1575 ceptis,
1259 1524 1326 1563 sed
1355 1524 1478 1563 acrior
1496 1523 1660 1575 insurgit

239 1583 279 1622 in
308 1596 411 1623 eum.
450 1583 551 1622 Dum
578 1583 691 1633 igitur
719 1583 794 1622 hoc
813 1584 930 1622 modo
950 1582 1010 1622 die
1030 1588 1224 1634 noctuque
1243 1582 1426 1623 iuuenem
1455 1583 1659 1630 obsideret,

239 1643 397 1682 tandem
426 1647 463 1681 et
481 1642 565 1692 ipsa
594 1642 775 1682 obsidens
796 1642 943 1693 capitur
972 1642 1090 1692 fitque
1117 1642 1285 1694 spolium
1304 1642 1510 1694 predatrix.
1557 1642 1659 1682 Dum

170 1699 220 1738 25
240 1701 344 1741 enim
386 1702 594 1741 candorem
631 1701 738 1741 faciei
775 1697 925 1741 iuuenis
964 1703 1105 1741 rubore
1143 1702 1376 1753 permixtum
1413 1702 1542 1754 sepius
1570 1715 1659 1742 con·

239 1761 458 1813 templatur,
489 1762 581 1800 dum
603 1762 734 1801 oculos
754 1761 923 1801 ridentes
943 1761 1164 1812 ssauamque
1183 1761 1381 1810 cesariem,
1402 1763 1497 1801 dum
1516 1774 1658 1801 manus

239 1825 277 1860 et
305 1820 461 1860 brachia
480 1826 682 1871 ceteraque
702 1826 839 1861 nature
853 1834 1029 1870 munera,
1052 1844 1099 1849 —
1122 1820 1239 1860 nichil
1253 1821 1358 1860 enim
1377 1821 1410 1861 ei
1439 1821 1659 1861 diuitiarum

239 1893 399 1920 suarum
420 1880 555 1920 artifex
583 1880 800 1928 hominum,
831 1881 992 1929 Natura,
1023 1881 1268 1920 subtraxerat
1298 1903 1345 1907 —
1376 1881 1469 1920 dum
1497 1880 1658 1931 inquam

239 1940 287 1979 ad
332 1939 405 1979 hec
447 1940 575 1991 sepius
603 1940 724 1979 aciem
752 1940 830 1992 figit
857 1941 1071 1988 oculorum,
1114 1945 1271 1992 repente
1313 1953 1402 1980 ceco
1442 1940 1659 1991 insanoque

169 1995 222 2034 30
241 2004 350 2050 capta
384 2000 560 2051 cupidine
596 2005 676 2040 tota
709 2000 749 2039 in
784 2013 959 2039 amorem
986 1999 1134 2039 Lucinii
1171 2000 1318 2051 flagrat.
1374 2000 1431 2039 Ex
1467 2000 1542 2040 hoc
1578 2013 1658 2040 non

239 2058 315 2098 iam
343 2059 553 2098 uerborum
588 2059 830 2111 ymaginibus
868 2060 930 2099 uel
959 2059 1247 2099 circuitionibus
1287 2059 1417 2107 utitur,
1455 2060 1523 2099 sed
1553 2060 1659 2099 nude

240 2123 276 2157 et
304 2123 433 2169 aperte
461 2119 567 2158 omni
603 2120 750 2170 pudore
788 2119 1002 2171 postposito
1040 2118 1181 2166 uerbis,
1221 2119 1377 2167 suauiis,
1416 2119 1657 2171 amplexibus

358 2231 522 2267 Qdedux.
548 2232 652 2277 PpV.
680 2252 723 2257 -—
751 2233 773 2268 3
798 2232 899 2267 Tune
925 2243 1013 2268 uero
1039 2243 1111 2276 reg,
1138 2234 1207 2277 Pp,
1245 2231 1293 2267 At
1328 2242 1415 2268 vero
1445 2242 1518 2276 reg.
1551 2233 1593 2268 V.
1610 2251 1658 2257 —

239 2286 261 2320 6
287 2284 484 2320 circumdat
513 2286 611 2321 (Ioni.
636 2287 714 2328 Eb„
738 2287 831 2330 fehlt
854 2287 923 2321 den
939 2287 1026 2321 Hae.
1042 2305 1086 2310 —
1107 2286 1151 2320 10
1166 2288 1375 2321 moueretur
1389 2285 1432 2327 Ο,
1457 2288 1658 2320 moreretur

247 2338 281 2372 V
301 2341 598 2377 (commoreretur
631 2342 721 2375 coni.
747 2341 822 2382 ΞΔ).
859 2357 904 2363 -
933 2339 971 2374 11
1002 2341 1124 2374 amoto
1159 2338 1292 2374 rubore
1317 2338 1450 2383 OPpV
1469 2359 1514 2365 -
1539 2338 1657 2373 Tanto

238 2390 322 2435 ig.c.
334 2390 469 2435 OPpV.
485 2411 529 2416 —
547 2392 588 2427 12
603 2393 777 2428 adornata
804 2404 837 2437 p.
854 2392 947 2437 oPp
958 2393 999 2427 V.
1014 2411 1059 2417 —-
1073 2392 1116 2427 13
1141 2392 1253 2436 omn.]
1278 2391 1392 2428 nimio
1417 2393 1484 2436 Pp,
1502 2391 1656 2427 nimium

243 2443 283 2485 Ο,
301 2444 412 2479 nimie
439 2446 480 2481 V.
508 2466 552 2472 —-
582 2446 624 2480 18
637 2446 933 2491 suggerendoque
958 2446 1118 2491 PpV-
1143 2446 1240 2481 labia
1259 2446 1300 2483 0.
1328 2464 1367 2471 -
1393 2446 1436 2481 19
1460 2446 1655 2490 obligando

239 2497 340 2542 PpV
362 2517 402 2523 —
430 2498 579 2542 pudicos
606 2499 694 2544 OPp
718 2519 764 2524 —
789 2511 841 2535 oc.
867 2511 903 2545 p.
927 2499 1049 2544 dirigit
1075 2498 1118 2535 0.
1144 2519 1190 2526 —
1206 2499 1253 2534 ⁰24
1277 2499 1423 2535 tandem
1451 2499 1551 2536 Com.
1577 2500 1655 2541 Eb..

239 2552 361 2586 tamen
386 2552 443 2586 die
468 2553 554 2588 Has.
591 2572 623 2577 -
650 2553 696 2587 26
722 2553 902 2588 radiantes
926 2553 1001 2588 will
1026 2554 1092 2588 Eb.
1120 2572 1161 2578 —
1188 2553 1234 2588 ⁶28
1258 2563 1484 2588 summarum
1502 2553 1577 2589 will
1589 2554 1655 2589 Eb.

238 2604 306 2648 far
329 2615 487 2641 suarum.
515 2625 557 2630 —
585 2606 626 2641 31
656 2606 1032 2642 circumuencionibus
1068 2605 1166 2652 01⁰1),
1198 2605 1583 2642 circumlocucionibus
1614 2607 1655 2644 V.

242 2676 286 2682 —
312 2658 357 2693 32
382 2669 415 2694 o.
434 2659 563 2695 timore
576 2660 773 2705 OPpV—
798 2671 833 2695 u.
869 2660 977 2696 nudis
1007 2671 1040 2696 a.
1068 2661 1211 2706 OPpV.
