1800 2930
734 150 1007 190 -37-

167 267 404 318 balneisque,
446 266 652 319 unguentis
691 278 736 306 ac
774 265 890 305 uariis
931 264 1112 305 fomentis
1145 265 1184 304 in
1221 265 1373 305 solitam
1409 263 1576 316 speciem

168 332 377 378 reparatur.
431 326 553 366 Porro
594 325 761 377 pessima
799 337 899 364 anus
939 337 1015 375 que
1049 329 1276 376 conceperat
1308 329 1346 364 et
1381 329 1577 376 pepererat

167 386 407 437 iniquitatem
447 385 663 425 secundum
703 383 887 435 sapientis
928 382 1159 423 sententiam
1197 383 1235 422 in
1272 383 1423 423 foueam
1459 396 1576 434 quam

167 446 314 485 foderat
341 444 516 485 incidens
555 456 653 496 pene
689 455 767 493 qua
794 442 956 494 nimpha
991 442 1161 482 dannata
1196 442 1318 482 fuerat
1353 442 1579 493 conpellitur

166 505 377 545 subiacere.

167 563 300 653 xside
326 576 431 614 ergo,
458 575 482 602 o
510 575 591 609 rex,
619 566 765 612 quanta
792 560 843 601 sit
879 559 1050 600 mulieris
1076 559 1238 608 malicia,
1274 572 1438 611 meoque
1466 566 1577 600 utens

265 621 424 663 consilio
451 634 496 662 ac
527 620 704 673 precibus
730 620 980 670 acquiescens
1003 618 1080 658 filio
1108 624 1174 658 tuo
1201 624 1243 658 ut
1269 618 1413 659 insonti
1430 632 1577 671 parcas,

168 682 294 722 sciens
321 682 424 732 quod
453 681 521 721 tibi
547 680 659 721 citius
698 680 803 719 nuda
830 684 958 731 pateat
993 679 1146 718 ueritas,
1206 678 1388 718 Nondum
1426 679 1578 730 sapiens

166 743 286 782 uerba
314 740 462 781 finierat
490 738 762 792 deprecatoria,
798 752 888 778 cum
916 738 1046 790 regina
1080 743 1120 777 ut
1147 738 1259 777 leena
1295 750 1370 788 que
1406 737 1578 789 proprios

163 801 336 841 amiserit
362 800 510 840 catulos
536 800 669 839 furens
687 797 901 850 prorumpit
928 798 967 837 in
987 797 1176 837 medium:
1204 797 1266 836 Me
1284 810 1359 844 me,
1388 797 1578 847 inquiens,
1601 799 1650 837 10

164 874 191 900 o
219 859 394 900 omnium
420 859 663 910 iniquissime
692 871 840 909 regum,
877 870 942 897 me
969 856 1059 908 quia
1086 856 1283 896 libidinem
1319 856 1383 895 filii
1420 857 1473 895 tui
1501 856 1578 908 pati

169 919 285 967 nolui,
313 919 404 969 quia
422 932 502 958 non
523 917 638 966 tacui,
666 917 834 957 flammis
852 917 971 964 trade,
1000 929 1163 968 parcens
1181 915 1258 955 filio
1278 920 1346 955 tuo
1371 915 1578 955 criminiso.

166 979 248 1019 Hoc
285 978 336 1017 hii
374 977 481 1018 deliri
509 990 623 1018 senes
658 990 683 1017 a
719 982 756 1016 te
783 976 926 1016 inducti
960 975 1152 1027 figmentis
1188 975 1268 1015 suis
1304 980 1500 1025 expetunt,
1537 980 1579 1014 ut

165 1038 403 1090 impudicum
431 1050 607 1077 raeeruoe
634 1036 756 1076 filium
783 1041 821 1075 et
850 1035 1014 1087 perimas
1042 1048 1105 1074 me
1132 1035 1402 1074 innocentem?
1438 1033 1578 1074 Huius-

168 1098 272 1137 modi
313 1096 487 1136 conuicia
528 1109 596 1136 rex
623 1095 863 1147 Dolopathos
904 1095 1067 1134 audiens
1107 1100 1143 1133 et
1184 1093 1326 1133 diutius
1363 1093 1460 1133 ferre
1499 1092 1650 1132 non15

165 1157 301 1196 ualens
328 1169 489 1196 manum
516 1156 620 1195 leuat
638 1156 687 1195 ad
715 1155 818 1194 celos
836 1155 1012 1205 iuratque
1039 1167 1107 1205 per
1134 1154 1227 1193 deos
1246 1153 1348 1203 quod
1375 1152 1494 1192 filium
1513 1165 1581 1203 per

165 1215 419 1282 semetipsum
447 1215 615 1255 flammis
650 1214 821 1254 iniceret.
878 1213 991 1253 Tunc
1018 1214 1162 1252 clamor
1195 1212 1336 1264 populi,
1371 1218 1462 1251 tunc
1498 1225 1581 1251 om-

168 1275 279 1315 nium
307 1288 424 1314 uoces
453 1275 638 1314 tolluntur
665 1273 704 1313 in
732 1274 867 1320 altum,
895 1273 1113 1312 concutitur
1138 1284 1183 1311 ac
1210 1272 1343 1311 reboat
1370 1275 1448 1310 tota
1480 1263 1580 1310 illius

157 1341 271 1375 -terre
298 1334 480 1386 planicies
507 1333 731 1374 clamorosis
758 1332 917 1373 vocibus
944 1337 982 1372 et
1008 1331 1161 1371 fletibus
1179 1331 1430 1382 singulorum.
1483 1330 1579 1369 Iam-

167 1407 243 1445 que
270 1399 378 1446 pater
405 1393 526 1433 filium
554 1392 734 1433 manibus
775 1406 799 1432 a
825 1397 928 1432 terra
963 1392 1171 1439 leuauerat,
1212 1391 1289 1430 iam
1326 1390 1367 1430 in
1403 1390 1579 1429 flammas
1598 1393 1651 1431 20

162 1453 291 1505 ipsum
339 1453 510 1505 proicere
550 1452 775 1500 conabatur,
832 1464 923 1491 cum
959 1463 1047 1491 ecce
1081 1447 1258 1500 Virgilius
1295 1453 1426 1489 noster
1462 1462 1578 1500 super

164 1513 353 1564 alipedem
379 1512 490 1563 quasi
518 1512 646 1563 fulgur
671 1524 740 1564 per
758 1511 928 1550 medium
956 1510 1085 1562 populi
1109 1509 1329 1549 discurrens
1356 1508 1577 1560 superuenit

162 1572 340 1623 illiusque
366 1571 505 1623 frangit
540 1576 723 1611 conatum
756 1571 830 1610 hec
856 1570 1047 1610 clamans:
1089 1568 1219 1616 Cassa,
1256 1581 1280 1607 o
1307 1580 1388 1615 rex,
1426 1567 1578 1607 retrahe

161 1644 324 1671 manum
352 1631 401 1670 ab
418 1631 637 1678 innocente,
663 1630 768 1681 leges
785 1629 1034 1669 innocentem
1053 1628 1172 1668 occidi
1190 1627 1406 1679 prohibent.
1435 1626 1577 1665 Reuer-

164 1696 246 1730 tere
270 1691 319 1730 ad
347 1689 541 1738 iudicium,
570 1689 661 1741 quia
677 1695 716 1730 et
742 1689 840 1729 falso
859 1693 1060 1728 accusatus
1079 1692 1137 1727 est
1156 1692 1194 1726 et
1213 1686 1353 1726 iniuste
1379 1699 1425 1726 ac
1442 1690 1576 1725 contra
1594 1687 1645 1726 25

163 1750 268 1802 leg&
303 1751 547 1801 dampnatus.
602 1749 663 1789 Ad
699 1749 773 1789 hec
808 1748 992 1788 Lucinius
1030 1747 1117 1787 uiso
1152 1746 1359 1797 auditoque
1397 1745 1582 1796 magistro

167 1809 277 1860 quasi
303 1810 352 1849 de
378 1821 517 1849 somno
537 1808 733 1860 euigalans
761 1809 852 1848 illud
880 1807 1040 1847 tandem
1058 1819 1177 1858 graue
1198 1805 1343 1857 rumpit
1369 1804 1580 1844 silentium:

163 1869 263 1917 Aue,
292 1867 484 1919 inquiens,
511 1881 535 1907 o
564 1873 775 1920 preceptor.
832 1867 968 1918 Stupet
1006 1866 1120 1917 igitur
1146 1870 1255 1917 pater
1288 1865 1394 1915 loqui
1421 1864 1582 1903 audiens

165 1929 301 1976 filium,
342 1928 531 1967 mirantur
571 1941 692 1979 reges,
735 1927 926 1979 principes
966 1930 1149 1976 stantque
1186 1923 1350 1972 attoniti,
1390 1923 1582 1963 concurrit

167 1987 340 2038 undique
366 1987 543 2039 populus,
572 1987 707 2027 erectis
727 1986 886 2026 auribus
913 1985 1053 2037 stupidi
1073 1990 1115 2024 ut
1142 1983 1240 2024 asini
1268 1987 1527 2035 perseuerant.
1599 1983 1653 2021 30

164 2047 253 2135 At
280 2047 459 2099 Virgilius
477 2047 515 2086 in
537 2046 711 2098 reginam
730 2045 900 2086 mordaci
918 2051 1031 2085 utens
1046 2043 1279 2083 inuectione:
1307 2042 1353 2091 Ο,
1381 2042 1445 2089 ait,
1465 2042 1581 2088 furor,

267 2120 291 2147 ο
303 2107 441 2153 scelus,
459 2119 484 2146 o
500 2106 687 2157 nequicia,
703 2119 727 2146 o
740 2105 891 2145 malicia
908 2103 1091 2150 mulieris,
1106 2115 1231 2142 onere
1248 2106 1479 2147 monstrum,
1498 2112 1581 2139 mu·

162 2166 248 2215 liet,
268 2165 556 2206 monstruosius
570 2166 718 2206 cunctis
738 2164 934 2213 monstris,
955 2163 1040 2215 quis
1058 2168 1211 2203 tantum
1229 2161 1354 2202 scelus
1373 2159 1477 2207 uidit,
1496 2158 1581 2209 quis

1622 505 1646 542 cv

287 2278 307 2313 7
333 2289 375 2313 ac
400 2277 625 2324 principibus
644 2278 831 2323 01²pV.—
847 2277 871 2311 8
894 2287 930 2322 p.
947 2276 1030 2311 vitis
1054 2275 1119 2320 Pp.
1134 2296 1177 2301 —
1194 2273 1239 2309 14
1262 2284 1322 2308 me
1351 2272 1442 2316 fehlt
1466 2272 1510 2306 L.
1535 2289 1581 2295 —

170 2333 216 2367 15
239 2330 391 2367 audiens
414 2334 452 2367 et
474 2332 566 2375 fehlt
589 2333 634 2367 L.
651 2351 695 2357 —
717 2333 761 2366 16
778 2341 909 2366 manus
927 2331 956 2365 Ο
980 2350 1023 2355 -
1050 2328 1095 2364 ad
1112 2328 1231 2363 celum
1251 2326 1384 2371 OPpV.
1401 2345 1447 2351 —-
1466 2323 1535 2359 17·
1525 2334 1581 2359 ιιι-

168 2385 328 2421 mitteret
352 2386 393 2427 P,
417 2385 575 2421 mitteret
599 2384 873 2421 conburendum
902 2384 967 2428 Op,
993 2382 1150 2418 mitteret
1172 2381 1218 2416 ad
1242 2379 1515 2415 conburendum
1541 2378 1582 2411 1.

169 2459 214 2465 —
243 2439 287 2474 18
311 2450 352 2474 ac
377 2438 504 2474 reboat
530 2439 712 2474 ComZEb.
726 2439 789 2480 St„
805 2448 848 2473 ac
872 2436 1019 2472 roborat
1042 2436 1089 2477 L,
1112 2435 1204 2479 fehlt
1228 2433 1364 2478 OspV.
1382 2450 1424 2457 -
1454 2432 1498 2466 19
1514 2430 1582 2466 cla-

169 2492 281 2528 mosis
306 2493 398 2534 LV;
424 2502 503 2528 voc.
529 2495 566 2527 et
586 2492 678 2537 fehlt
701 2493 745 2526 L.
772 2511 819 2517 —
843 2491 891 2525 20
914 2489 1083 2525 manibus
1108 2489 1198 2531 fehlt
1226 2487 1357 2532 OPpV.
1393 2504 1437 2510 —
1461 2485 1505 2519 21
1532 2483 1582 2527 ip-

166 2556 251 2581 sum
276 2546 366 2589 fehlt
389 2546 430 2580 L.
462 2565 502 2571 -
530 2545 577 2580 22
601 2556 630 2581 s.
655 2544 815 2590 aspidem
845 2544 978 2588 OPpV.
1003 2563 1048 2569 —
1074 2542 1121 2576 24
1143 2541 1353 2576 innocentes
1380 2538 1512 2583 OPpV.
1536 2556 1581 2562 —

170 2599 218 2633 25
241 2599 329 2644 quia
352 2598 378 2634 f.
394 2598 546 2634 crimine
570 2609 643 2633 acc.
664 2598 799 2642 OPpV.
823 2617 869 2623 —-
903 2596 948 2631 27
974 2595 1109 2641 grande
1139 2595 1181 2630 V.
1221 2612 1262 2619 —
1298 2593 1340 2627 31
1368 2591 1483 2627 mord.
1507 2599 1581 2624 cor·

170 2652 336 2687 reccione
365 2653 442 2692 ΟΥ,
460 2652 576 2687 mord.
593 2649 824 2696 correpcione
849 2650 914 2693 Pp.
