1800 2930
777 165 1050 204 -96-

210 279 299 331 quia
349 283 474 331 potest
514 292 631 319 omne
674 279 776 329 quod
817 277 960 318 iustum
997 283 1056 318 est
1092 282 1129 318 et
1165 291 1245 317 non
1284 283 1411 329 potest
1447 277 1626 329 quicquid

209 339 395 379 iniustum
424 343 494 387 est,
525 339 606 378 uult
626 351 743 378 omne
772 339 875 389 quod
902 339 1051 378 bonum
1079 342 1137 377 est
1156 342 1194 377 et
1222 350 1302 377 non
1334 337 1419 377 uult
1446 337 1627 388 quicquid

209 400 356 440 malum
384 404 454 439 est.
510 399 621 438 Vnde
645 399 729 438 uult
747 411 865 437 omne
884 399 1030 438 malum
1049 402 1250 449 peccatum
1270 410 1355 437 esse
1373 402 1411 436 et
1429 402 1629 448 peccatum

211 471 297 499 esse
316 458 445 498 nichil.
501 457 600 498 Cum
629 458 722 498 illud
741 457 849 506 deus,
878 457 962 497 sine
982 469 1058 508 quo
1077 456 1196 496 nichil
1223 456 1277 503 fit,
1307 469 1421 507 agere
1447 460 1514 496 aut
1532 455 1630 495 uelle

166 518 191 556 5
213 532 293 559 non
321 517 455 570 possit,
485 518 698 569 probamus
717 517 920 568 dampnari
948 530 971 556 a
989 517 1062 557 deo
1080 521 1335 568 peccatorem,
1365 528 1444 555 non
1474 514 1630 566 quidem

211 592 282 630 pro
300 577 456 625 nichilo,
485 578 553 616 sed
574 590 643 628 pro
662 576 862 616 uoluntate
881 581 918 616 et
945 576 1161 616 intentione
1181 588 1258 626 qua
1276 575 1492 614 contrarius
1507 578 1565 614 est
1584 573 1629 614 ei.

211 638 268 678 Ne
297 642 425 677 autem
454 637 570 676 deum
599 637 647 676 de
674 635 892 687 insipientia
919 640 985 675 aut
1005 635 1200 675 ociositate
1227 647 1398 683 accuses,
1427 633 1536 685 quasi
1563 634 1631 673 ho-

212 697 358 737 minem
386 696 562 736 uolenter
580 695 779 735 infirmum
798 695 1010 735 condiderit
1029 700 1071 734 ut
1097 695 1251 746 lapsum
1270 698 1513 741 restauraret,
1543 692 1633 743 quia

212 756 294 808 ipse
313 755 505 807 sapienter
524 755 743 806 fortiterque
771 754 980 806 disponens
1005 754 1304 806 gubernansque
1323 753 1466 801 omnia,
1495 756 1633 792 cuncta

145 816 195 854 10
214 815 369 867 quidem
397 815 560 867 pulchra
587 819 623 854 et
651 814 818 866 perfecta
845 814 960 853 simul
988 819 1025 853 et
1052 814 1165 853 ualde
1193 814 1298 853 bona
1325 813 1481 860 creauit,
1510 810 1632 851 homi-

214 888 306 915 nem
333 880 463 915 autem
490 874 661 914 condidit
688 873 842 922 uirtute,
870 873 1057 925 sapientia
1075 878 1113 913 et
1140 872 1423 925 pulchritudine
1451 871 1634 910 omnibus

214 934 521 987 prestantiorem.
577 933 651 982 Qui
681 933 863 985 neglectis
891 932 1084 984 dignitatis
1121 945 1190 973 sue
1218 932 1332 972 bonis
1370 930 1565 981 armisque
1591 934 1634 969 ut

214 994 267 1034 ita
294 993 419 1033 dicam
461 993 614 1032 deiectis
651 992 807 1045 proprio
842 992 940 1032 uicio
977 992 1104 1032 sciens
1138 997 1176 1032 et
1213 996 1451 1044 spontaneus
1488 989 1632 1029 cecidit.

214 1053 366 1094 Iusticie
393 1066 484 1104 ergo
512 1052 582 1092 fuit
610 1053 713 1103 quod
741 1052 912 1104 permisit
940 1053 1035 1091 deus
1063 1053 1199 1092 cadere
1227 1064 1318 1091 eum
1346 1050 1411 1102 qui
1438 1063 1479 1089 se
1506 1049 1633 1101 ipsum

147 1113 196 1151 15
216 1112 413 1161 deiciebat,
456 1117 493 1151 et
522 1125 675 1152 summe
713 1111 782 1151 fuit
809 1111 1069 1151 misericordie
1107 1111 1210 1162 quod
1246 1110 1345 1150 iuste
1380 1111 1634 1160 dampnatum

216 1172 392 1213 saluauit.
449 1171 628 1211 Ceterum
657 1171 844 1222 numquid
869 1171 994 1210 dicere
1022 1175 1147 1222 potest
1173 1183 1243 1210 uas
1270 1170 1418 1209 luteum
1446 1169 1480 1208 ei
1501 1168 1566 1219 qui
1594 1180 1635 1207 se

217 1231 344 1271 finxit:
374 1231 453 1271 Cur
481 1245 543 1271 me
571 1231 691 1271 fecisti
719 1230 800 1271 sic?
855 1230 971 1270 Aliud
999 1230 1105 1270 enim
1133 1242 1202 1269 uas
1233 1229 1271 1268 in
1299 1230 1504 1275 honorem,
1533 1227 1635 1267 aliud

216 1291 257 1330 in
285 1290 558 1331 contumeliam
587 1295 702 1342 prout
729 1290 801 1330 sibi
830 1290 951 1342 placet
979 1289 1079 1329 facit.
1137 1288 1201 1329 Sic
1229 1301 1383 1340 quoque
1402 1288 1509 1335 deuS,
1539 1287 1635 1338 plas-

217 1356 343 1391 mator
376 1351 595 1398 hominum,
638 1350 755 1390 alium
796 1350 950 1400 quidem
992 1347 1289 1389 misericorditer
1327 1348 1375 1387 ad
1409 1359 1451 1387 se
1478 1348 1636 1386 trahens

146 1409 200 1447 20
218 1410 325 1462 regni
359 1410 420 1450 sui
458 1409 710 1460 omniumque
747 1410 943 1449 honorum
979 1407 1203 1460 participem
1241 1407 1341 1455 facit,
1383 1406 1502 1446 alium
1544 1418 1638 1446 uero

218 1470 320 1510 iusto
348 1471 415 1509 sed
444 1470 593 1509 occulto
621 1468 758 1508 iudicio
787 1481 811 1508 a
847 1481 889 1508 se
908 1468 1115 1519 repulsum
1143 1467 1328 1519 pabulum
1362 1465 1558 1505 constituit
1586 1465 1637 1517 ig-

219 1529 330 1569 nium
358 1533 595 1569 eternorum.

219 1588 390 1677 Placet,
419 1588 543 1639 inquit
570 1587 767 1637 Lucinius,
802 1587 905 1638 quod
934 1586 1040 1636 dicis,
1069 1587 1137 1626 sed
1165 1587 1306 1626 uellem
1343 1585 1512 1638 apertius
1541 1584 1639 1624 scire

308 1649 503 1698 quomodo
531 1647 630 1687 iuste
658 1649 899 1699 dampnatus⁴
920 1646 968 1686 sit
994 1647 1127 1686 homo.
1174 1646 1226 1685 At
1254 1646 1335 1686 ille:
1366 1646 1407 1685 Si
1441 1645 1526 1696 quis
1563 1646 1639 1684 lata

150 1706 200 1745 25
220 1707 403 1747 incedens
431 1707 507 1755 uia,
535 1707 575 1746 in
596 1707 705 1747 cuius
724 1706 851 1746 medio
871 1711 1010 1758 puteus
1029 1707 1128 1746 altus
1147 1706 1367 1754 haberetur,
1396 1704 1638 1757 premunitus

222 1772 322 1807 esset
349 1771 393 1806 ut
420 1767 548 1818 ipsum
568 1771 722 1806 caueret
740 1766 981 1817 scienterque
1009 1765 1152 1805 omissa
1177 1766 1422 1805 dextrorsum
1450 1764 1639 1804 sinistror-

221 1839 386 1877 sumque
422 1825 486 1866 uia
523 1826 563 1865 in
597 1826 704 1865 illum
742 1838 783 1866 se
820 1825 1044 1878 precipitem
1084 1826 1204 1873 daret,
1243 1825 1341 1875 quis,
1379 1837 1485 1875 rog0,
1532 1824 1639 1863 illum

221 1886 431 1938 plangeret,
472 1885 557 1936 quis
586 1884 619 1925 ei
647 1885 747 1925 iuste
774 1898 937 1925 manum
965 1884 1200 1936 porrigeret?
1256 1883 1372 1932 Quis
1400 1883 1514 1923 fleat
1541 1883 1639 1922 Em-

223 1946 489 1998 pedoclem,
518 1946 637 1985 deus
656 1944 939 1984 immortalis
959 1943 1125 1984 haberi
1146 1943 1222 1994 qui
1250 1942 1453 1995 cupiens
1474 1947 1641 1993 sponte

151 2002 205 2042 30
223 2006 522 2056 flagrantem
550 2004 768 2056 frigidus
796 2005 971 2044 Etnam
990 2003 1216 2043 insiluit?
1248 2003 1304 2043 Ita
1331 2003 1380 2042 de
1398 2002 1558 2042 homine
1576 2002 1641 2054 qui

224 2065 388 2104 scienter
415 2064 673 2116 suggestione,
702 2063 973 2104 innecessitate
1000 2062 1184 2114 peccauit,
1213 2061 1415 2113 intelligas.

223 2124 456 2211 Lucinius:
487 2124 600 2173 Satis,
629 2123 764 2175 inquit,
792 2123 1039 2163 conuenienti
1059 2122 1207 2163 ratione
1231 2121 1306 2161 hiis
1325 2120 1496 2173 probatis
1524 2125 1642 2160 restat

314 2188 357 2223 ut
385 2196 462 2234 quo
489 2184 623 2223 ordine
651 2185 874 2235 redemptus
902 2183 951 2223 sit
977 2183 1095 2223 homo
1124 2181 1346 2232 subiungas.
1390 2180 1457 2220 Vir
1485 2185 1642 2220 sanctus

343 2291 366 2325 5
391 2289 626 2335 dampnariqe
651 2291 693 2325 L.
730 2310 775 2317 -
811 2290 830 2324 7
857 2289 999 2324 incuses
1024 2290 1060 2323 et
1084 2299 1157 2324 acc.
1187 2289 1325 2334 OPpV;
1360 2290 1502 2323 accuset
1528 2288 1570 2322 L.
1596 2307 1640 2313 —

227 2344 287 2386 718
311 2343 410 2378 hom.
435 2344 560 2378 volens
584 2343 751 2379 infimum
777 2343 937 2378 condidit
965 2343 1068 2387 OpV,
1094 2343 1191 2378 hom.
1210 2342 1336 2377 volens
1361 2341 1458 2386 quod
1475 2341 1642 2375 infimum

224 2396 306 2432 ideo
343 2395 543 2431 condiderit
574 2397 614 2437 V,
650 2415 695 2420 —
729 2397 751 2430 9
782 2395 865 2441 gub.
891 2395 982 2439 fehlt
1013 2395 1145 2440 OPpV.
1174 2413 1217 2420 —
1257 2395 1297 2429 17
1324 2394 1376 2429 sic
1404 2394 1494 2438 fehlt
1525 2393 1571 2429 L.
1597 2412 1642 2419 ——

227 2451 268 2485 21
297 2461 318 2485 a
343 2460 382 2485 se
407 2460 480 2494 rep.
498 2460 527 2485 c.
546 2448 567 2484 i.
587 2451 631 2484 et.
650 2448 861 2493 participem
878 2449 963 2492 opp
973 2449 1014 2484 V.
1035 2465 1074 2472 -—
1096 2448 1143 2483 23
1160 2447 1334 2483 lucisnius
1351 2448 1393 2482 L.
1410 2467 1454 2473 —
1472 2446 1579 2489 94125
1596 2445 1643 2481 la-

228 2508 301 2539 tam
326 2503 348 2539 i.
367 2502 539 2546 (insidens
563 2503 629 2547 Pp)
654 2502 752 2537 uiam
783 2502 866 2546 OPp
875 2501 913 2537 V.
949 2520 992 2526 —
1025 2501 1136 2545 28130
1159 2501 1249 2544 fehlt
1279 2501 1320 2542 V,
1351 2500 1512 2535 verderbt
1535 2502 1574 2534 in
1604 2501 1643 2543 Ο,

227 2567 322 2603 porr.
340 2566 426 2600 ergo
451 2555 659 2601 relinquens
684 2554 803 2600 pontis
834 2553 1008 2590 auxilium
1041 2553 1194 2599 cupidus
1219 2553 1255 2588 in
1287 2553 1392 2588 vndis
1424 2553 1645 2598 demergitur

228 2612 349 2655 itaque
374 2611 418 2646 de
444 2610 561 2646 hom.:
589 2609 627 2644 in
651 2611 724 2653 Pp:
751 2608 870 2653 plang.
889 2608 968 2652 quis
985 2607 1133 2653 cupiens
1158 2609 1286 2652 sponte
1303 2606 1477 2652 flagrante
1494 2606 1644 2651 frigidus

228 2664 266 2699 in
292 2664 426 2699 vndam
452 2662 590 2699 insiluit
616 2682 658 2688 —
686 2661 893 2708 empedocle
918 2662 950 2696 L
976 2680 1019 2687 -—
1046 2662 1093 2696 30
1116 2661 1238 2696 etham
1263 2661 1305 2696 L.
