1800 2930
839 148 1113 187 -70—

270 269 339 358 In
368 270 582 311 crastinum
610 274 739 309 autem
779 269 876 308 sicut
906 268 1012 320 prius
1041 280 1130 307 cum
1158 280 1293 317 regum
1322 264 1617 318 principumque
1644 277 1690 305 ac

340 330 572 382 populorum
592 342 734 380 pompa
754 334 917 369 uentum
946 333 1004 368 est
1022 328 1070 367 ad
1099 325 1273 379 supplicii
1298 327 1439 371 locum,
1469 324 1691 364 accenditur

270 390 368 430 sicut
397 389 501 441 prius
520 389 619 440 ignis
644 389 875 439 iubeturque
892 387 1078 428 Lucinius
1096 387 1135 426 in
1157 386 1285 438 ipsum
1304 385 1422 437 proici
1441 397 1691 425 concreman-

270 451 355 490 dus.
398 449 476 489 Sed
504 449 611 489 nullo
639 447 793 499 penitus
821 452 1069 500 presumente
1087 446 1187 497 regis
1215 445 1426 496 adimplere
1453 448 1691 496 preceptum,

228 503 251 541 5
272 522 360 549 ecce
388 508 545 560 quidam
586 508 808 548 uenerande
848 506 1006 548 caniciei
1047 519 1181 555 senex,
1222 506 1492 545 Romanorum
1532 504 1693 543 indutus

271 574 373 620 toga,
411 582 480 620 per
515 567 684 607 mediam
723 567 897 607 uirorum
934 580 979 607 ac
1018 565 1225 606 mulierum
1264 564 1551 605 multitudinem
1587 563 1694 603 lento

271 628 466 669 transiens
494 628 615 679 gradu
634 640 713 666 non
734 627 817 666 sine
844 627 1059 667 multorum
1079 624 1334 665 admiratione
1353 625 1401 664 ad
1421 637 1552 675 regem
1572 635 1694 673 usque

272 688 461 740 peruenit.
516 687 602 736 Quo
640 697 729 726 cum
766 685 984 726 astantibus
1022 690 1245 725 reuerenter
1282 685 1446 724 salutato
1485 682 1612 723 doceri
1653 694 1696 722 se

273 748 373 788 uelle
401 747 452 787 ait
480 746 736 798 quamobrem
773 751 882 786 tanta
909 750 1141 796 congregata
1177 744 1273 784 foret
1310 744 1441 796 populi
1478 742 1694 783 multitudo.

206 800 256 839 10
275 807 346 847 Cui
373 820 440 846 rex
469 811 608 846 cuncta
646 818 720 856 que
756 805 834 845 filio
871 804 1089 845 acciderant
1117 803 1427 854 sententiamque
1462 815 1578 853 super
1605 814 1697 841 eum

273 868 393 907 latam
421 865 652 918 patefaciens
685 865 895 917 interrogat
931 864 1059 916 ipsum
1094 864 1262 904 eundem
1299 876 1435 903 senem
1473 861 1557 912 quis
1596 865 1698 901 esset

275 927 338 966 uel
374 927 477 966 unde
515 931 581 965 aut
609 925 717 965 cuius
745 925 800 965 rei
829 938 946 965 causa
986 923 1197 964 aduenerit.
1251 921 1304 963 At
1343 923 1423 963 ille:
1466 922 1592 969 Vnus,
1633 921 1696 969 ait,

276 990 424 1037 septem
443 985 661 1037 sapientum
692 997 821 1033 uocor,
853 989 967 1024 natus
986 997 1034 1023 ex
1062 983 1160 1023 urba
1173 982 1366 1031 Romana,
1395 981 1552 1022 domina
1582 980 1698 1029 orbis,

277 1045 332 1085 uti
371 1045 487 1085 etiam
528 1044 676 1096 species
713 1043 790 1083 mei
824 1043 967 1083 indicat
1002 1041 1236 1083 uestimenti.
1291 1042 1414 1081 Porro
1454 1054 1580 1088 casus,
1618 1052 1699 1079 non

209 1099 257 1137 15
276 1105 390 1145 ullius
418 1104 473 1144 rei
501 1117 618 1144 causa
645 1117 710 1143 me
738 1103 805 1143 tibi
834 1104 983 1143 obtulit.
1041 1102 1155 1142 Soleo
1183 1100 1289 1142 enim
1311 1115 1334 1141 a
1353 1101 1553 1140 iuuentute
1581 1098 1700 1150 longi-

279 1165 455 1205 tudinem
483 1163 806 1215 latitudinemque
834 1175 1040 1215 peragrare
1059 1161 1175 1209 orbis,
1205 1161 1361 1212 regibus
1390 1173 1436 1200 ac
1463 1159 1701 1211 principibus

278 1238 342 1264 me
381 1229 519 1263 notum
560 1222 716 1263 faciens.
783 1223 830 1263 Et
869 1222 956 1262 licet
997 1234 1100 1262 unus
1142 1226 1290 1272 septem
1327 1219 1702 1271 sapientissimorum

279 1284 428 1333 credar,
457 1296 612 1334 semper
639 1288 771 1322 tamen
792 1282 884 1333 quid
912 1282 1060 1322 discam
1088 1281 1187 1320 sicut
1222 1280 1311 1331 quid
1340 1280 1501 1319 doceam
1528 1278 1700 1319 inuenio.

281 1344 425 1383 Verum
463 1348 505 1382 ut
533 1343 581 1382 de
618 1341 855 1382 instantibus
894 1340 1036 1392 aliquid
1070 1341 1217 1391 loquar,
1255 1339 1310 1379 uti
1339 1352 1387 1379 ex
1425 1336 1704 1389 consequentia

209 1396 262 1436 20
280 1408 438 1443 tuorum
457 1403 688 1453 portendere
708 1414 808 1452 queo
827 1401 1051 1449 uerborum,
1081 1400 1183 1451 quod
1203 1404 1334 1439 tamen
1354 1397 1440 1438 sine
1458 1398 1513 1437 tui
1531 1402 1705 1438 tuorum-

281 1475 356 1513 que
382 1461 523 1501 iniuria
551 1461 726 1510 dixerim,
764 1474 837 1501 nec
864 1474 1003 1501 uerum
1037 1473 1109 1499 nec
1136 1458 1355 1505 uerisimile,
1394 1457 1516 1497 immo
1552 1456 1705 1508 penitus

280 1522 567 1572 inconsequens
595 1520 715 1561 michi
742 1520 894 1560 uidetur
923 1520 1044 1559 filium
1064 1523 1174 1558 tuum
1202 1518 1447 1569 sompniasse
1475 1517 1612 1556 saltem
1629 1516 1706 1555 hoc

282 1581 418 1629 scelus,
439 1582 585 1621 nedum
604 1580 773 1620 uoluisse
792 1579 929 1620 dicam.
958 1579 1164 1628 Quomodo
1183 1577 1288 1617 enim
1308 1577 1429 1617 tantis
1448 1574 1706 1616 incommodis

282 1646 392 1681 tanta
410 1641 483 1680 sub
503 1641 641 1680 eodem
658 1645 699 1680 ut
727 1639 781 1680 ita
799 1639 925 1679 dicam
954 1643 1097 1690 puncto
1117 1637 1341 1678 continuata
1360 1635 1483 1676 libido
1502 1635 1708 1675 succedere

212 1694 264 1733 25
283 1705 424 1752 posset,
462 1713 552 1740 cum
588 1699 721 1750 utique
758 1712 807 1739 ex
834 1697 1091 1738 incommodis
1128 1697 1294 1744 dolores,
1332 1695 1497 1741 tristitie,
1535 1706 1708 1734 meror-es

285 1759 376 1799 oriri
412 1760 562 1799 soleant
599 1764 636 1799 et
673 1772 720 1799 ex
765 1757 1025 1810 uoluptatibus
1061 1756 1179 1797 libido
1207 1756 1441 1807 procedere?
1506 1753 1710 1794 Contraria

285 1819 474 1870 siquidem
502 1823 595 1859 sunt
622 1818 772 1870 sibique
791 1818 959 1858 inuicem
986 1815 1243 1868 repugnantia
1261 1814 1418 1855 tristicia
1446 1819 1484 1854 et
1511 1812 1709 1866 gaudium,

285 1878 386 1919 risus
429 1884 466 1919 et
505 1891 646 1926 meror,
688 1878 806 1918 libido
849 1882 886 1918 et
926 1874 1180 1930 philosophia.
1249 1874 1431 1915 Ceterum
1476 1871 1711 1923 impossibile

286 1938 575 1991 philosophum,
609 1938 720 1978 cuius
748 1937 919 1978 studium
957 1941 1016 1976 est
1043 1935 1205 1975 uirtutes
1236 1935 1373 1982 colere,
1412 1933 1565 1972 frenare
1598 1931 1710 1979 nicia,

216 1992 270 2031 30
287 1998 447 2046 libidini,
460 2011 549 2038 cum
564 1997 648 2050 ipsa
660 1997 829 2038 maxime
842 1996 891 2037 sit
905 1995 1050 2036 uicium
1066 1993 1309 2046 philosophie
1321 1992 1445 2045 magis
1460 1991 1710 2037 cantrarium,

290 2071 448 2110 operam
488 2058 598 2106 dare;
642 2057 813 2108 alioquin
854 2055 1109 2108 philosophus
1151 2067 1231 2094 non
1269 2058 1384 2093 esset.
1439 2051 1551 2091 Vnde
1587 2049 1711 2101 magis

289 2117 407 2157 michi
447 2117 612 2166 uidetur,
654 2121 696 2156 ut
737 2115 880 2167 aliquid
908 2113 1114 2155 audentius
1141 2114 1290 2164 loquar,
1331 2124 1399 2164 per
1436 2109 1616 2150 iniuriam
1645 2114 1711 2149 aut

409 2231 431 2266 6
446 2241 510 2275 per
524 2229 685 2265 medium
699 2229 797 2274 LPp,
812 2238 878 2273 per
890 2226 1051 2263 medium
1064 2224 1131 2260 uir.
1146 2224 1291 2260 turbam
1309 2223 1338 2258 Ο
1349 2223 1433 2257 1⁷-
1448 2222 1509 2266 617
1523 2221 1626 2256 mult.
1646 2248 1653 2255 .
1675 2247 1683 2254 .
1703 2247 1711 2254 .

291 2283 419 2319 admir.
435 2311 443 2319 .
463 2311 471 2320 .
491 2310 499 2318 .
525 2283 616 2327 fehlt
645 2282 781 2327 OPpV.
808 2303 853 2307 —
880 2282 902 2314 9
928 2290 1039 2325 quare
1063 2282 1088 2314 t.
1119 2278 1255 2323 OPpV.
1294 2296 1341 2302 —
1369 2276 1413 2311 10
1437 2286 1466 2311 c.
1493 2286 1563 2320 que
1589 2274 1612 2309 f.
1638 2285 1712 2309 acc.

291 2348 443 2373 narrans
469 2337 592 2372 interr.
618 2337 684 2382 Pp,
711 2347 740 2371 c.
757 2335 803 2371 de
827 2335 853 2370 f.
880 2345 946 2369 suo
971 2343 1042 2379 que
1067 2343 1140 2368 acc.
1166 2342 1229 2376 per
1260 2330 1425 2365 ordinem
1450 2331 1572 2364 narrat
1589 2327 1714 2363 interr.

295 2390 374 2427 OV.
401 2411 446 2418 -
466 2391 509 2426 12
524 2402 553 2425 c.
573 2401 682 2426 causa
707 2389 817 2424 cicius
842 2388 925 2423 adu.
949 2388 981 2422 V
1005 2407 1048 2412 ——
1070 2386 1114 2421 13
1131 2384 1175 2420 de
1201 2387 1339 2429 septem
1364 2381 1588 2427 sapientibus
1613 2380 1714 2415 dicor

297 2443 427 2489 OPpV.
454 2465 500 2471 —
527 2444 636 2485 13114
659 2442 808 2478 domina
834 2469 842 2478 .
861 2469 870 2477 .
889 2467 897 2476 .
924 2443 1014 2476 uest.
1040 2439 1129 2483 fehlt
1158 2438 1291 2482 OPpV.
1317 2457 1361 2463 —
1390 2436 1435 2471 14
1459 2446 1544 2471 casu
1582 2434 1716 2469 nullius

296 2497 512 2542 (nulliusque
545 2497 594 2540 V)
630 2507 739 2532 causa
772 2495 823 2531 rei
850 2506 908 2530 me
942 2496 968 2529 t.
995 2492 1109 2528 obtuli
1138 2492 1242 2527 OPV
1276 2510 1321 2517 —
1360 2490 1436 2525 Der
1460 2490 1546 2524 Rest
1570 2489 1623 2523 bis
1647 2499 1718 2522 zm·

295 2551 467 2586 nachsten
494 2551 699 2586 Geschichte
723 2552 763 2585 in
791 2549 921 2594 OPpV
942 2548 1150 2593 abyekarzt:
1186 2544 1291 2580 Soleo
1317 2544 1416 2579 enim
1440 2545 1555 2578 terras
1580 2552 1718 2587 peram·

296 2604 422 2640 bulare
458 2607 499 2640 ut
534 2604 781 2650 supradictum
819 2606 873 2638 est
911 2602 955 2637 de
991 2599 1119 2636 ceteris
1155 2597 1387 2644 sapientibus.
1438 2595 1543 2640 Quod
1578 2598 1618 2630 ut
1651 2594 1718 2630 tibi

298 2658 505 2694 euidencius
530 2660 651 2703 pateat
667 2657 807 2703 prolato
825 2654 1013 2691 ostendam
1031 2651 1198 2698 exemplo
1215 2650 1389 2687 ausculta.
