1800 2930
796 138 1073 178 -59-

229 252 409 305 suspicio,
449 266 498 293 ne
525 253 622 293 sorte
650 253 797 293 uiueret
829 266 876 293 ac
903 252 1025 292 filium
1066 252 1178 293 istam
1211 254 1364 293 doceret
1400 252 1641 305 sapientiam.

230 313 344 361 Quod
363 325 452 352 cum
473 312 692 364 frequenter
710 313 1075 352 submurmurarent
1094 325 1165 351 nec
1184 317 1313 352 tamen
1333 313 1407 352 hoc
1425 317 1467 352 ut
1480 313 1644 354 dubium

229 371 271 411 in
292 372 419 423 palam
437 373 623 412 auderent
641 371 779 419 dicere,
799 377 922 410 artem
942 384 1019 421 qua
1037 376 1075 410 et
1094 376 1241 422 patrem
1261 372 1426 422 prodant
1445 377 1644 412 accusent·

231 444 307 483 que
334 431 453 471 filium
483 430 767 471 machinantur.
824 431 980 470 Adeunt
1007 429 1150 470 etenim
1189 443 1318 481 regem
1357 436 1566 481 petuntque
1601 436 1644 471 ut

229 491 465 543 sollempnes
525 489 760 542 principibus
806 488 887 528 suis
942 489 1123 528 exhibeat
1167 490 1279 528 ludos
1333 489 1644 540 sollempnaeque
1689 490 1716 529 5

229 550 375 602 epulas,
403 548 618 601 precipiens
637 548 784 588 cunctis
803 562 851 588 ex
879 548 1003 588 edicto
1030 554 1072 588 ut
1093 548 1250 598 quilibet
1268 561 1403 588 eorum
1432 549 1642 589 amicorum

230 609 453 661 precipuum
473 608 763 660 pessimumque
781 607 1040 656 inimicorum,
1070 608 1267 647 meliorem
1287 607 1450 647 mimum
1469 620 1646 647 seruum-

230 681 306 719 que
342 667 553 708 fideliorem
581 680 714 707 secum
741 667 918 706 adducat.
974 667 1122 706 Placuit
1162 666 1196 706 ei
1239 666 1382 718 petitio,
1424 671 1646 707 statuuntur

230 726 547 778 sollempnizandi
587 726 688 772 dies,
729 731 941 766 euocantur
981 725 1185 777 principes,
1223 725 1461 765 conueniunt
1488 726 1644 777 singuli:

228 787 327 827 alius
354 786 508 837 quidem
537 799 606 837 pro
633 785 758 825 amico
786 790 949 837 patrem,
985 785 1083 825 alius
1112 797 1286 831 uxorem,
1328 784 1426 824 alius
1458 785 1646 824 amasiam
1668 785 1718 824 10

229 858 319 886 cum
347 858 393 885 eo
421 858 538 896 quem
567 845 690 897 magis
718 846 850 884 oderat
878 857 1003 895 eoque
1031 857 1148 895 quem
1186 844 1397 883 fideliorem
1416 844 1647 895 probauerat

227 917 399 953 seruum,
437 904 559 944 mimo
587 917 741 956 quoque
769 917 884 955 quem
921 903 1124 943 inuenerat
1160 903 1360 943 meliorem
1398 916 1531 942 secum
1558 917 1647 943 cum

228 977 372 1015 magno
413 963 512 1003 fastu
558 965 767 1003 adducens.
834 964 985 1003 Interea
1029 968 1158 1003 autem
1204 962 1356 1002 iuuenis
1403 963 1451 1002 ad
1497 968 1646 1014 patrem

231 1023 396 1063 ueniens
434 1023 469 1063 ei
507 1024 610 1074 quod
646 1029 798 1074 gestum
835 1023 958 1062 suerat
995 1022 1202 1062 enarrauit.
1271 1022 1346 1070 Qui
1383 1035 1475 1061 mox
1515 1023 1647 1062 dolum

229 1082 445 1134 intelligens
473 1082 685 1133 interrogat
714 1082 832 1121 filium
863 1082 895 1121 si
924 1095 1021 1133 quos
1049 1082 1210 1121 haberet
1237 1081 1399 1128 emulos,
1436 1081 1648 1133 accipitque
1670 1081 1719 1120 15

227 1154 319 1182 eum
347 1141 523 1181 omnium
561 1141 752 1182 sodalium
790 1141 977 1181 inuidiam
1015 1147 1052 1181 et
1089 1141 1221 1181 odium
1258 1140 1479 1180 incurrisse.
1535 1141 1648 1181 Tunc

226 1203 277 1241 ad
306 1201 427 1241 filium
454 1207 582 1253 pater:
612 1201 714 1248 Scio,
742 1202 806 1249 ait,
836 1201 887 1240 fili
915 1201 982 1249 mi,
1011 1206 1167 1252 propter
1194 1213 1258 1240 me
1285 1206 1323 1240 et
1355 1206 1393 1239 te
1420 1201 1494 1240 hoc
1521 1201 1648 1240 exisse

227 1262 427 1301 decretum
455 1267 492 1300 et
519 1261 593 1301 hec
620 1260 849 1312 sollempnia
877 1261 1074 1308 celebrari,
1112 1265 1154 1300 ut
1182 1273 1272 1300 cum
1309 1265 1350 1299 tu
1377 1273 1441 1299 me
1477 1260 1646 1299 amicum

228 1320 372 1360 scilicet
390 1327 500 1360 tuum
520 1320 717 1361 meliorem
737 1320 815 1372 regi
844 1320 1041 1368 obtuleris,
1070 1320 1254 1360 continuo
1273 1325 1315 1359 ut
1334 1332 1423 1359 reus
1451 1325 1647 1371 contemp·

228 1385 366 1431 torque
405 1380 547 1420 decreti
583 1380 697 1432 regis,
739 1380 830 1431 quia
865 1380 959 1420 olim
995 1393 1060 1419 me
1088 1392 1167 1419 non
1196 1379 1403 1426 occideras,
1442 1378 1645 1418 accuseris.
1666 1378 1720 1417 20

229 1440 308 1480 Sed
336 1445 377 1480 tu
404 1440 514 1480 aliter
532 1453 648 1491 quam
678 1445 834 1492 sperant
854 1440 971 1479 emuli
990 1439 1134 1480 faciens
1162 1452 1226 1479 me
1245 1439 1294 1478 ad
1313 1451 1472 1490 presens
1501 1438 1647 1478 omisso

227 1513 369 1540 canem
410 1506 447 1540 et
486 1501 654 1548 asinum,
695 1513 856 1540 uxorem
897 1506 933 1540 et
973 1500 1180 1551 paruulum
1220 1500 1269 1539 ad
1303 1511 1434 1550 regem
1471 1498 1648 1538 omnium

229 1560 388 1599 ultimus
408 1559 643 1600 introducas.
686 1560 733 1599 Et
752 1560 881 1599 docuit
899 1573 990 1599 eum
1009 1565 1131 1611 pater,
1159 1571 1275 1610 quem
1302 1558 1446 1597 horum
1464 1557 1646 1605 amicum,

228 1632 347 1670 quem
375 1618 589 1667 inimicum,
618 1632 733 1670 quem
762 1633 934 1667 seruum,
963 1632 1079 1670 quem
1106 1618 1272 1658 mimum
1300 1617 1442 1657 diceret
1478 1629 1646 1668 quamue

229 1678 487 1730 interrogatus
515 1679 563 1718 de
590 1678 751 1730 singulis
779 1680 955 1718 redderet
989 1678 1191 1718 rationem.
1247 1676 1497 1728 Congregatis
1532 1675 1646 1726 igitur
1665 1675 1717 1714 25

231 1738 384 1778 cunctis
403 1738 641 1790 principibus
660 1738 918 1789 exhibitisque
937 1738 1017 1789 regi
1036 1751 1111 1788 que
1130 1738 1383 1785 adduxerant,
1413 1736 1584 1776 introiuit
1610 1741 1649 1776 et

229 1797 302 1837 iste
328 1810 418 1837 cum
447 1811 590 1849 pompa
603 1789 689 1838 'sua
715 1799 808 1837 satis
838 1798 1003 1837 mirabili
1031 1796 1283 1847 dissimilique
1311 1795 1458 1844 ceteris,
1492 1795 1648 1847 regique

230 1857 360 1897 astitit.
417 1857 541 1897 Porro
568 1857 733 1897 diuersis
761 1858 998 1897 musicarum
1024 1857 1294 1897 instrumentis
1325 1855 1647 1907 concrepantibus

226 1917 361 1956 omnia
388 1918 638 1966 resonabant,
678 1918 727 1957 ad
756 1931 922 1968 quorum
951 1930 1068 1956 uoces
1095 1916 1242 1964 asinus,
1279 1915 1462 1956 stolidum
1490 1914 1646 1961 animal,

227 1972 464 2028 stupefactus
492 1990 606 2017 aures
633 1976 742 2028 erigit
771 1977 970 2028 tenditque
996 1977 1160 2016 caudam
1187 1975 1416 2027 magnisque
1443 1974 1647 2014 conatibus
1664 1971 1720 2010 30

228 2035 331 2087 rugit
358 2036 563 2087 rugituque
591 2049 663 2076 suo
683 2042 808 2076 totum
837 2035 1063 2076 concutiens
1082 2036 1267 2087 palatium
1286 2047 1417 2086 regem
1436 2045 1650 2083 omnesque

230 2095 297 2146 qui
324 2096 485 2135 aderant
511 2097 560 2135 ad
588 2095 649 2135 sui
677 2096 942 2147 spectaculum
961 2095 1222 2146 congregauit.
1276 2093 1426 2133 inimici
1444 2105 1538 2132 uero
1565 2092 1648 2132 eius

347 2215 371 2249 2
395 2215 438 2250 fr.
464 2215 523 2250 hic
540 2225 671 2250 murm.
685 2215 750 2259 Pp.
777 2234 822 2240 —
847 2215 870 2248 5
895 2214 1065 2249 adhibeat
1090 2214 1157 2258 Pp.
1189 2231 1234 2238 -
1259 2213 1282 2247 6
1307 2223 1351 2247 ex
1376 2211 1498 2247 debito
1526 2210 1652 2255 OPpV

230 2285 273 2292 -
291 2269 452 2303 amicum
471 2268 557 2313 0Ιῇ)
566 2269 605 2303 V.
623 2288 669 2294 —
685 2268 709 2303 8
733 2279 856 2303 secum
874 2267 966 2311 fehlt
981 2268 1036 2312 Pp
1062 2287 1106 2292 —
1124 2266 1175 2302 Pl.
1195 2266 1269 2310 regi
1287 2266 1443 2301 multum
1461 2268 1531 2310 pet.
1549 2263 1647 2308 opp.

229 2342 276 2349 --
300 2322 323 2357 9
347 2322 567 2367 sollempnoe
590 2322 667 2356 dies
688 2322 771 2366 OPp
781 2322 820 2356 V.
846 2341 892 2347 —
921 2322 959 2356 11
981 2331 1137 2365 eumque
1160 2331 1270 2364 quem
1298 2319 1430 2363 OPpV.
1449 2339 1494 2345 —
1523 2318 1566 2353 12
1584 2317 1649 2352 mi-

228 2385 331 2411 mum
353 2375 491 2420 OspV.
518 2394 560 2401 —
590 2375 634 2411 13
650 2375 799 2410 adduxit
820 2376 849 2410 Ο
875 2393 917 2399 --
947 2374 1095 2410 Interim
1117 2373 1248 2418 OPpV.
1273 2393 1320 2400 —-
1347 2372 1392 2407 14
1416 2382 1511 2407 narr.
1551 2371 1647 2416 Osp,

229 2428 440 2464 nuncciauit
470 2429 511 2464 V.
537 2449 583 2455 —
611 2429 654 2463 15
679 2428 810 2463 habeat
829 2427 959 2472 OspV
979 2448 1025 2454 —
1042 2426 1250 2471 accepitque
1265 2437 1299 2461 ο.
1317 2426 1421 2470 PpV.
1446 2444 1490 2449 —
1510 2425 1551 2460 17
1577 2424 1646 2459 hoc

228 2492 308 2518 esse
331 2482 366 2517 d.
395 2482 534 2526 OPpV.
559 2502 605 2508 -—
629 2482 677 2516 20
710 2480 883 2517 occideris
911 2481 1044 2525 OPpV.
1078 2500 1124 2506 —
1157 2479 1200 2514 21
1236 2479 1275 2514 Si
1299 2482 1338 2514 tu
1363 2479 1429 2523 sp.
1453 2498 1499 2504 —
1523 2477 1570 2513 23
1595 2477 1645 2512 in-

229 2535 398 2571 troduces
423 2536 527 2580 PpV.
553 2555 599 2562 —-·
623 2535 671 2570 24
695 2545 878 2579 quamque
901 2534 965 2569 int.
986 2534 1077 2579 pV.,
1101 2536 1280 2577 quatenus
1303 2532 1368 2567 int.
1397 2531 1437 2567 0.
1463 2551 1508 2557 —
1533 2530 1580 2566 28
1596 2529 1645 2565 di·

231 2599 423 2624 uemorum
464 2589 588 2633 OPpV
629 2607 672 2613 -
710 2598 830 2623 coner.
856 2587 995 2632 palacio
1027 2597 1056 2622 r.
1084 2585 1125 2627 Ο,
1163 2596 1282 2621 coner.
1319 2584 1512 2629 pallacium
1548 2593 1645 2619 reso-

230 2642 343 2677 nabat
360 2642 403 2677 V.
419 2661 462 2666 —
476 2642 517 2677 31
538 2641 635 2676 rudit
660 2642 692 2676 L
718 2661 763 2668 —
776 2640 998 2685 inductuque
1023 2650 1090 2675 suo
1116 2637 1249 2683 OPpV
1263 2658 1308 2664 —
1325 2637 1484 2675 concutit
1503 2635 1645 2681 OPpV.
