1800 2930
750 190 1023 228 -77-

180 318 336 346 currere
363 305 525 345 mulieri.
579 304 678 344 Ecce
706 308 838 343 autem
857 304 938 343 sole
957 303 1033 344 iam
1054 302 1262 355 Hesperias
1281 303 1452 355 tingente
1471 303 1596 344 undas

181 365 335 405 intueor
361 365 410 404 de
436 364 634 404 montibus
660 362 772 414 quasi
799 363 987 414 quasdam
1016 362 1150 402 simias
1178 362 1479 402 innumerabiles
1507 375 1598 403 cum

181 425 342 476 strepitu
361 435 505 475 magno
531 423 765 463 descendere
794 421 926 462 nescio
945 420 1046 472 -quid
1074 427 1280 462 cruentum
1309 428 1395 474 post
1422 435 1468 462 se
1493 422 1597 462 trah·

180 489 304 523 entes.
373 482 459 531 Que
505 482 694 522 intrantes
741 481 901 520 domum
942 481 1157 520 maximum
1202 482 1420 520 accendunt
1461 494 1598 533 rogum

182 542 350 593 illudque
377 546 580 581 cruentum
609 540 710 580 inter
748 552 791 580 se
828 539 1009 579 dentibus
1044 545 1247 590 carpentes
1283 540 1483 580 deuotam.
1538 541 1601 580 ln-
1644 542 1670 580 5

181 601 343 642 teruallo
362 599 502 640 deinde
520 600 621 639 facto
644 599 760 638 ollam
781 598 988 638 nefandam
1007 599 1057 638 ab
1076 598 1165 650 igne
1184 599 1384 650 deponunt
1403 599 1600 650 frustaque

181 659 280 700 cocti
296 659 459 700 latronis
478 658 579 698 inter
598 670 641 698 se
658 657 876 697 diuidentes
894 657 969 698 sibi
987 658 1221 708 Thyesteam
1241 663 1430 709 peragunt
1448 670 1599 698 cenam.

183 719 269 759 Hoc
295 719 395 759 facto
422 718 487 758 illa
514 730 590 769 que
617 717 718 757 inter
754 723 902 757 ceteras
931 716 1123 769 potentior
1162 717 1364 756 uidebatur
1400 716 1601 756 mulierem

181 778 391 829 interrogat
418 782 550 817 utrum
587 776 671 817 eius
708 776 830 816 filium
858 790 909 816 an
945 776 1064 816 alium
1102 777 1368 816 denotassent.
1423 777 1510 824 Qua
1546 776 1602 816 sic

182 837 300 878 fuisse
326 838 471 877 factum
507 837 785 888 respondente:
824 835 959 887 Magis,
998 836 1052 875 ait
1089 835 1216 882 lamia,
1254 841 1347 887 puto
1384 837 1487 886 quod
1524 835 1675 877 filiolo

181 902 380 937 resemato
398 909 523 936 unum
541 896 696 935 illorum
715 896 833 935 trium
853 895 967 935 nobis
986 894 1212 946 apposueris
1240 895 1447 934 latronum.
1488 895 1603 943 Quod

182 962 226 996 ut
259 956 370 996 citius
408 956 584 1007 probem,
621 956 686 1003 ite,
723 955 776 995 ait
818 955 941 995 tribus
978 955 1176 1006 strigibus,
1216 955 1359 994 deferte
1396 954 1516 994 michi
1554 955 1603 994 de

180 1015 353 1067 quolibet
387 1015 586 1055 latronum
622 1015 788 1055 frustum
824 1015 966 1054 carnis.
1021 1015 1107 1054 Hoc
1134 1027 1206 1065 ego
1242 1015 1403 1054 audiens
1441 1014 1603 1053 festinus

181 1075 400 1128 precucurri
419 1088 559 1126 meque
576 1075 677 1114 inter
694 1075 794 1114 duos
810 1075 982 1114 latrones
1000 1074 1172 1114 medium
1191 1074 1373 1113 manibus
1392 1074 1601 1125 suspendo.

180 1135 395 1176 Subsecute
438 1134 538 1174 illico
574 1134 712 1186 striges
747 1135 825 1174 duo
862 1135 984 1174 frusta
1011 1134 1059 1174 de
1087 1133 1243 1173 natibus
1279 1134 1476 1173 latronum
1513 1134 1674 1173 abs-15

180 1195 326 1244 ddunt,
368 1194 525 1234 tertium
578 1195 627 1234 de
671 1195 818 1234 femore
853 1206 955 1242 meo,
998 1199 1042 1233 ut
1077 1194 1206 1233 adhuc
1243 1192 1400 1233 cicatrix
1433 1198 1470 1232 et
1499 1193 1603 1233 fossa

180 1253 337 1302 indicat,
365 1253 543 1293 tollentes
561 1259 599 1294 et
618 1259 704 1305 post
731 1254 805 1293 hec
823 1254 873 1293 ad
892 1266 1004 1293 suam
1025 1253 1239 1305 principem
1267 1258 1529 1292 reuertuntur.
1553 1274 1601 1281 —

182 1312 268 1353 niis
294 1313 406 1352 dictis
433 1313 550 1353 latro:
579 1313 689 1361 Ecce,
717 1313 770 1353 ait
797 1314 847 1353 ad
874 1313 1061 1364 reginam,
1095 1313 1171 1352 hac
1199 1313 1354 1352 fortuna
1389 1311 1603 1363 periculosa

181 1371 276 1412 satis
302 1377 459 1412 narrata
485 1377 628 1423 putans
656 1372 725 1412 tibi
753 1385 823 1424 pro
856 1372 1028 1412 secundo
1055 1372 1133 1411 filio
1160 1371 1254 1411 satis
1274 1372 1417 1411 factum
1444 1370 1603 1411 terciam

183 1445 254 1483 pro
280 1432 399 1471 tercio
427 1431 504 1471 filio
531 1432 727 1471 fortunam
756 1432 998 1471 subnectam.
1622 1432 1676 1471 20

220 1489 394 1530 Wrauiter
431 1490 547 1543 igitur
585 1491 782 1531 sauciatus
819 1492 868 1531 de
915 1491 1020 1542 ligno
1056 1489 1096 1530 in
1136 1502 1212 1541 quo
1249 1490 1507 1541 pependeram
1540 1502 1605 1528 me

276 1550 463 1590 submitto
511 1550 719 1601 locumque
763 1550 937 1590 uulneris
982 1549 1125 1602 pannis
1175 1549 1288 1588 lineis
1334 1548 1605 1599 circumligans

184 1609 416 1663 sanguinem
445 1609 511 1661 qui
537 1609 661 1650 instar
688 1610 803 1649 riuuli
831 1610 871 1649 in
899 1615 1044 1649 terram
1071 1609 1265 1649 defluebat
1292 1613 1473 1659 stagnare
1500 1607 1606 1647 uolui

185 1681 259 1709 nec
284 1668 403 1720 potui.
458 1669 581 1721 Magis
600 1674 731 1709 tamen
750 1670 799 1709 de
817 1669 941 1708 salute
969 1668 1156 1718 mulieris,
1184 1681 1302 1719 quam
1321 1668 1395 1707 sub
1424 1667 1499 1706 fide
1516 1680 1605 1706 mea

183 1728 465 1768 defendendam
491 1741 750 1780 susceperam,
779 1741 897 1779 quam
925 1729 973 1767 de
1000 1741 1061 1768 me
1088 1728 1174 1778 ipso
1201 1726 1387 1767 sollicitus
1421 1727 1470 1766 ad
1497 1739 1605 1765 meas
1623 1729 1675 1768 25

184 1787 279 1827 redii
296 1787 476 1835 latebras,
494 1788 632 1827 crebro
650 1787 703 1827 ibi
721 1788 771 1827 ob
791 1782 958 1827 nimium
977 1787 1178 1838 sauguinis
1197 1787 1346 1826 fluxum
1367 1785 1606 1835 nimiamque

184 1846 352 1887 inediam
392 1847 563 1899 uigilias,
599 1847 867 1887 lassitudinem
895 1847 1100 1894 defectum,
1140 1846 1268 1886 cordis
1308 1845 1469 1897 patiens.
1539 1844 1607 1884 Illa

184 1919 280 1946 uero
323 1906 528 1946 lamiarum
570 1906 750 1959 princeps
799 1907 952 1958 singula
987 1907 1183 1946 latronum
1220 1906 1342 1945 frusta
1382 1905 1606 1955 degustans,

184 1978 275 2006 cum
314 1979 444 2006 meam
480 1979 635 2017 quoque
670 1979 829 2006 carnem
856 1979 924 2006 ore
961 1971 1124 2006 cruento
1151 1969 1394 2017 temptasset:
1436 1964 1502 2010 Ite,
1539 1963 1604 2010 ait,

183 2025 297 2065 citius
322 2025 591 2076 latronemque
617 2026 790 2066 medium
818 2029 1031 2077 apportate,
1068 2024 1159 2075 quia
1194 2029 1369 2064 recentes
1396 2028 1434 2062 et
1461 2022 1606 2074 optime
1623 2026 1678 2064 30

185 2089 278 2124 sunt
304 2097 443 2125 carnes
470 2085 565 2125 eius.
621 2085 707 2125 Hoc
733 2098 806 2136 ego
833 2084 964 2124 audito
992 2085 1041 2124 ad
1068 2084 1325 2135 suspendium
1343 2082 1439 2123 redii
1466 2094 1607 2132 meque

184 2143 324 2184 iterum
351 2143 453 2184 inter
478 2144 650 2185 latrones
677 2145 887 2196 suspendo.
930 2143 1102 2183 Veniunt
1130 2143 1270 2183 iterum
1298 2141 1475 2182 ministre
1501 2146 1606 2180 tene·

186 2202 346 2243 brarum
373 2216 513 2254 meque
540 2204 759 2255 depositum
787 2217 811 2243 a
837 2203 942 2255 ligno
970 2216 1039 2254 per
1066 2215 1208 2243 manus
1235 2215 1282 2242 ac
1317 2202 1434 2253 pedoe
1461 2211 1606 2252 perque

308 2369 325 2403 1
344 2371 516 2412 tangente
534 2367 583 2409 Ρ;
608 2367 684 2403 sole
709 2367 747 2402 in
771 2377 940 2412 vesperas
965 2366 1040 2401 iam
1063 2365 1235 2401 tendente
1250 2363 1365 2399 vudas
1389 2364 1434 2399 V.
1451 2383 1496 2389 —
1522 2362 1545 2397 3
1568 2372 1605 2397 n.

186 2431 294 2466 quem
319 2425 489 2457 truncum
513 2423 595 2466 post
624 2431 664 2456 se
696 2424 741 2456 tr.
774 2422 816 2456 V.
854 2441 899 2447 —
935 2420 960 2455 4
983 2430 1057 2455 acc.
1082 2419 1205 2463 ignem
1229 2417 1413 2461 aliumque
1435 2419 1607 2451 truncum

192 2474 624 2518 V.-60uam]illam
654 2473 904 2516 0PV,ollam
932 2472 1093 2517 illamp.
1132 2492 1178 2497 —
1219 2471 1239 2506 7
1265 2468 1606 2512 iutersennrsp.

186 2547 233 2554 —
266 2528 526 2569 tihasteamL.
561 2527 736 2563 cibastam
771 2528 831 2562 die
865 2526 1126 2570 ῆὸνίςεηΗω.
1162 2525 1257 2558 -9
1292 2533 1340 2558 an
1372 2521 1606 2558 illumlatro-

187 2590 274 2617 nem
296 2582 338 2618 P.
363 2601 408 2607 —
436 2582 478 2616 11
504 2581 584 2616 latr.
610 2581 699 2623 fehlt
724 2581 771 2616 L.
796 2599 843 2605 —
869 2580 914 2614 14
938 2578 1110 2624 suspendi
1141 2578 1182 2612 V.
1219 2597 1263 2603 —-
1301 2577 1345 2611 15
1367 2576 1410 2611 tr.
1436 2574 1607 2610 dentibus

194 2634 239 2670 V.
270 2654 317 2662 —
352 2636 397 2670 19
429 2634 505 2670 tilio
528 2635 620 2678 fehlt
644 2635 688 2670 L.
730 2655 775 2660 —
816 2634 865 2669 ΞΟ
889 2632 1109 2676 subiungam
1142 2631 1183 2666 P.
1210 2648 1252 2655 —
1287 2630 1334 2664 25
1368 2628 1607 2674 promiseram

192 2688 325 2734 0527.
351 2706 397 2714 —
421 2688 469 2724 29
492 2698 638 2724 earnem
662 2690 851 2723 cruentam
870 2685 948 2720 ΟΥ.
975 2703 1018 2710 -
1044 2685 1092 2720 32
1115 2683 1300 2720 Venerunt
1326 2682 1460 2727 OPpV.
