1800 2930
777 137 1100 180 —40—v

207 250 375 300 Inarime,
403 251 471 290 ubi
497 263 643 303 preceS,
672 250 739 291 ubi
765 251 978 303 amplexus,
1006 250 1072 291 ubi
1102 250 1238 291 suauia
1264 251 1486 302 impudica?
1513 251 1626 292 Vnde

207 324 314 350 nunc
340 315 494 350 tantum
523 311 683 350 odium?
738 310 814 350 Sed
834 310 950 359 idem,
979 315 1022 350 ut
1046 310 1099 350 ait
1119 310 1385 361 philosophus,
1415 310 1538 350 exitus
1567 316 1626 351 est

209 370 284 410 odii
312 374 349 410 et
376 370 519 409 amoris
546 368 686 410 ins'ani.
742 370 825 410 Hec
854 375 913 410 est
945 369 1098 410 insania
1126 369 1310 417 mulieris,
1345 370 1418 409 hec
1446 369 1624 410 audatia:

207 443 297 469 cum
324 429 480 470 uincere
507 442 588 469 non
616 435 752 482 potest,
782 429 872 469 furit
891 430 1082 480 audetque
1111 442 1228 468 omne
1256 429 1364 469 nefas
1392 435 1621 481 perpetrare.

162 489 187 528 5
207 487 456 577 Gongregati
497 494 627 529 autem
667 489 820 528 fuerant
869 502 978 540 reges
1019 502 1065 528 ac
1107 487 1301 540 principes
1343 489 1391 527 ad
1438 488 1624 539 palatium

285 548 479 588 tractaturi
499 562 589 588 cum
609 545 844 600 Dolopathos
872 549 920 588 de
949 548 1182 599 quibusdam
1211 547 1320 599 regni
1340 547 1510 599 negociis
1539 561 1624 599 per-

205 613 482 659 senserantque
507 608 715 647 clamorem
741 613 779 647 et
804 607 1019 659 strepitum,
1043 608 1110 647 sed
1131 606 1222 658 quid
1243 608 1491 658 portenderet
1518 606 1623 658 igno·

204 668 355 707 rabant.
411 668 457 707 Et
484 681 571 707 ecce
598 667 661 707 illa
697 667 889 707 uirulenta
917 667 1074 706 colubra
1113 680 1202 706 curn
1231 671 1387 706 caterua
1424 666 1623 705 minorum

204 727 450 767 colubrarum
469 728 516 766 de
534 740 701 766 cauerna
718 727 913 778 prodiens,
942 731 985 766 ut
1011 731 1103 774 erat,
1132 739 1266 777 sparsa
1284 739 1428 773 comas,
1457 726 1624 765 lacerata

137 785 186 825 10
204 799 323 837 genas
351 799 499 837 suoque
525 791 723 826 cruentata
758 786 948 837 sanguine
984 790 1022 825 et
1049 785 1222 825 uestibus
1262 798 1385 836 usque
1420 786 1467 824 ad
1496 785 1623 824 umbi-

203 845 321 885 licum
348 845 528 892 discissis,
557 845 861 896 lugubribusque
880 844 1076 896 gressibus
1090 846 1275 896 usquead
1290 858 1419 896 regem
1433 844 1623 896 peruenit.

204 905 322 945 Cuius
350 906 553 957 prouoluta
582 905 743 956 pedibus
773 905 820 944 ab
850 904 1032 944 omnibus
1069 918 1111 944 se
1140 904 1261 944 audiri
1299 911 1418 955 rogat.
1474 904 1525 943 At
1554 917 1621 943 rex

203 969 241 1004 et
268 965 333 1015 qui
361 965 531 1012 aderant,
562 965 647 1004 uiso
677 965 785 1004 uultu
813 964 1027 1014 habituque
1054 963 1186 1014 regine
1215 964 1357 1012 dolore,
1386 963 1444 1003 ira
1473 964 1622 1014 nouita-

202 1029 316 1074 teque
350 1024 402 1063 rei
431 1025 649 1063 turbantur.
707 1024 790 1063 Rex
829 1036 922 1063 uero
950 1023 1187 1075 Dolopathos
1228 1023 1403 1073 reginam
1431 1025 1478 1063 de
1519 1029 1622 1063 terra

134 1083 183 1122 15
203 1083 327 1123 eleuat
353 1083 534 1133 iubetque
570 1088 612 1122 ut
650 1082 762 1122 citius
791 1083 924 1131 edicat,
964 1082 1049 1133 quis
1091 1082 1130 1121 in
1165 1096 1252 1122 eam
1285 1088 1436 1123 tantum
1473 1084 1621 1134 nephas

202 1142 440 1182 committere
480 1156 597 1182 ausus
626 1143 686 1182 sit.
742 1142 793 1182 At
830 1142 891 1182 illa
930 1142 1055 1194 primo
1094 1155 1236 1193 magno
1274 1142 1454 1182 simulato
1490 1143 1625 1182 dolore

201 1202 241 1242 in
269 1207 542 1253 argumentum
579 1202 923 1253 probationemque
962 1215 1099 1241 eorum
1127 1215 1202 1252 que
1236 1201 1384 1241 dictura
1427 1207 1508 1241 erat
1536 1215 1621 1242 uer·

202 1262 354 1308 borum,
375 1262 576 1312 singultus,
599 1261 763 1313 suspiria
781 1261 1035 1311 lacrimasque
1054 1266 1171 1300 testes
1191 1260 1336 1300 inducit
1356 1261 1471 1301 falsos
1490 1261 1617 1302 aiens:

201 1320 281 1372 Ego
309 1322 358 1361 ob
394 1321 448 1360 tui
463 1333 650 1360 ·amorem
687 1326 724 1360 et
758 1321 963 1368 honorem,
1006 1334 1028 1359 o
1063 1320 1271 1371 equissime
1308 1334 1455 1371 regum,
1499 1321 1619 1360 filium

130 1380 182 1420 20
200 1386 308 1420 tuum
339 1380 553 1432 suscipiens
587 1380 769 1419 omnibus
798 1379 924 1420 modis
961 1379 1022 1419 die
1058 1386 1246 1430 nocteque
1273 1393 1342 1430 per
1376 1393 1439 1419 me
1477 1393 1620 1431 perque

200 1453 308 1480 meas
335 1440 480 1492 puellas
509 1440 705 1479 elaborare
734 1439 874 1488 studui,
905 1439 1087 1490 quatinus
1115 1441 1222 1479 hunc
1256 1439 1323 1479 tibi
1352 1453 1447 1479 sane
1474 1440 1622 1480 mentis

200 1500 400 1539 redderem
429 1505 467 1539 et
494 1500 729 1550 loquentem,
765 1500 1026 1551 putabamque
1059 1499 1098 1538 id
1125 1499 1282 1539 feliciter
1310 1499 1492 1547 effecisse,
1528 1513 1619 1539 cum

199 1558 373 1598 uiderem
402 1564 438 1598 et
457 1560 664 1609 gauderem
692 1572 782 1598 eum
801 1559 965 1598 iocunde
993 1564 1030 1598 et
1048 1558 1153 1609 loqui
1173 1563 1210 1598 et
1230 1559 1376 1610 epulari
1396 1559 1616 1599 nobiscum.

199 1619 345 1658 Verum
373 1618 487 1658 hodie
515 1623 671 1670 experta
699 1631 788 1658 sum
816 1619 918 1669 quod
947 1631 1027 1657 non
1057 1619 1165 1658 dolor
1192 1631 1239 1657 ex
1269 1619 1448 1658 defuncta
1477 1625 1615 1666 matre,

129 1678 181 1717 25
202 1691 278 1718 non
310 1677 467 1718 tristicia
495 1691 540 1717 ex
570 1678 747 1718 absentia
783 1678 958 1729 magistri
999 1678 1112 1717 suerit
1148 1677 1187 1717 in
1223 1691 1351 1726 causa,
1388 1679 1454 1718 sed
1494 1679 1619 1718 dolus.

200 1737 299 1777 Cum
327 1738 433 1777 enim
461 1750 525 1777 me
550 1737 665 1777 hodie
693 1738 816 1777 solam
844 1738 885 1776 in
917 1738 1087 1777 thalamo
1116 1737 1287 1785 haberet,
1317 1739 1618 1789 oportunitatem

200 1797 260 1836 sui
287 1796 441 1836 sceleris
470 1810 511 1837 se
539 1802 644 1837 ratus
673 1797 882 1845 inuenisse,
920 1802 962 1836 ut
990 1810 1112 1848 equus
1140 1796 1282 1836 efrenis
1299 1819 1346 1824 —
1370 1798 1472 1848 quod
1502 1798 1618 1837 etiam

200 1856 325 1896 dicere
345 1857 562 1897 confundor
575 1856 675 1895 —in
696 1870 759 1896 me
778 1855 924 1896 insiluit
937 1857 1073 1896 uolens
1092 1869 1156 1895 me
1174 1856 1362 1896 uiolenter
1374 1862 1508 1908 stupro
1521 1857 1622 1897 illico

198 1916 403 1956 maculare.
460 1916 540 1968 Ego
567 1921 697 1956 autem
725 1921 877 1956 tantum
904 1929 1091 1955 execrans
1116 1916 1265 1955 facinus
1293 1922 1482 1966 quantum
1510 1916 1616 1968 potui

127 1976 181 2015 30
199 1975 405 2028 petulantis
433 1976 581 2028 reppuli
613 1975 814 2026 impetum,
852 1976 919 2015 sed
955 1975 1016 2015 ille
1051 1975 1140 2015 totis
1176 1975 1325 2015 uiribus
1353 1981 1480 2024 utens,
1522 1977 1616 2016 dum

200 2036 302 2087 quod
328 2048 442 2087 prece
459 2036 686 2087 nequiuerat
711 2035 751 2075 ui
779 2040 1005 2086 extorquere
1023 2035 1138 2087 cupit,
1167 2048 1230 2074 me
1258 2040 1300 2074 ut
1318 2035 1454 2075 uidetis
1483 2036 1618 2087 ungui-

199 2089 272 2129 bus
299 2088 492 2129 lacerauit.
547 2089 692 2128 Videns
711 2094 840 2128 autem
869 2102 938 2139 ego
959 2089 1060 2140 quod
1089 2089 1206 2128 michi
1224 2088 1452 2128 libidinosus
1481 2103 1617 2141 preua-

319 2215 335 2249 1
364 2213 491 2249 suauia
507 2213 631 2248 oscula
655 2212 741 2258 imp.
764 2213 896 2258 OPpV.
926 2233 966 2238 —
995 2213 1053 2255 2s3
1079 2215 1133 2247 est
1158 2213 1282 2248 odium
1308 2223 1380 2248 am.
1407 2213 1547 2248 insania
1576 2213 1616 2248 O.

197 2286 244 2293 -
267 2267 292 2302 4-
316 2267 454 2312 nephas
482 2267 583 2312 OpV.
604 2285 645 2291 —
674 2267 693 2301 7
708 2266 792 2311 quid
818 2266 1047 2312 pretenderet
1067 2267 1205 2311 OPpV.
1234 2286 1275 2291 —
1303 2268 1325 2301 9
1350 2266 1539 2302 colubrum
1558 2267 1619 2301 die

198 2321 295 2362 11⁸3„
317 2321 406 2365 fehlt
427 2332 466 2366 p,
492 2341 537 2347 —
566 2320 605 2355 11
634 2319 771 2355 dicissis
795 2321 838 2364 L,
863 2319 1032 2355 discussis
1057 2319 1201 2364 lugubri
1227 2330 1351 2364 gressu
1381 2320 1420 2364 Ο,
1446 2320 1618 2355 discussis

196 2374 360 2419 lugubris
383 2373 564 2419 gressibus
589 2374 654 2419 Pp,
679 2372 836 2411 discissis
852 2373 1086 2418 lugubrisque
1111 2373 1292 2417 gressibus
1323 2373 1364 2409 V.
1393 2393 1433 2398 —
1465 2374 1507 2408 13
1532 2373 1613 2408 uisu

201 2429 297 2472 OPp.
327 2448 365 2454 —
397 2428 440 2463 16
453 2437 563 2463 ausus
588 2430 642 2462 est
659 2427 740 2463 LV.
766 2446 811 2451 —
839 2427 883 2462 19
907 2426 982 2471 Ego
1009 2426 1124 2462 obtuli
1149 2426 1234 2462 hon.
1261 2430 1297 2462 et
1321 2437 1392 2462 am.
1421 2427 1615 2471 OPpV.—

198 2481 307 2521 22123
332 2481 428 2525 loqu.
452 2506 480 2516 ..
493 2508 501 2517 .
515 2480 676 2516 uiderem
694 2480 784 2524 fehlt
807 2481 891 2525 oPp
900 2480 938 2516 V.
953 2500 998 2506 —
1011 2480 1058 2515 23
1076 2480 1262 2515 iocundari
1294 2481 1327 2516 V
1345 2499 1387 2506 -
1401 2479 1511 2515 iocari
1529 2485 1615 2514 stau

198 2534 295 2579 loqui
336 2535 412 2569 will
442 2535 507 2570 E'b.
545 2554 584 2560 —
622 2533 668 2569 24
693 2534 784 2570 Vere
808 2534 916 2569 hodie
940 2534 1042 2578 IPV,
1073 2534 1134 2568 sed
1161 2534 1196 2568 h.
1226 2534 1264 2569 Ο.
1291 2554 1336 2560 -
1370 2534 1417 2568 25
1442 2534 1508 2569 fuit
1537 2534 1612 2569 OV.

198 2605 243 2613 —
269 2589 315 2623 26
345 2588 382 2623 in
413 2587 565 2633 pallacio
604 2587 688 2623 hab.
723 2587 853 2632 OPpV.
879 2606 925 2612 —
957 2587 1001 2622 27
1029 2590 1126 2622 ratus
1161 2586 1196 2622 id
1228 2590 1283 2622 est
1314 2587 1481 2632 opinatus
1513 2587 1548 2622 V
1567 2608 1613 2614 -

198 2642 355 2677 eflrenus
379 2642 443 2687 Pp.
471 2660 514 2667 -—
541 2641 588 2677 ‘28
612 2641 738 2686 insilijt
772 2641 848 2677 OV.
868 2661 912 2668 —-
937 2640 1061 2676 illicito
1079 2641 1123 2676 L.
1150 2659 1193 2666 —
1220 2641 1267 2676 30
1291 2641 1409 2676 nitens
1437 2642 1475 2676 Ο.
