<?xml version="1.0" encoding="UTF-8"?>
<!DOCTYPE html PUBLIC "-//W3C//DTD XHTML 1.0 Transitional//EN"
    "http://www.w3.org/TR/xhtml1/DTD/xhtml1-transitional.dtd">
<html xmlns="http://www.w3.org/1999/xhtml" xml:lang="en" lang="en">
 <head>
  <title>
</title>
<meta http-equiv="Content-Type" content="text/html;charset=utf-8" />
  <meta name='ocr-system' content='tesseract 3.04.00' />
  <meta name='ocr-capabilities' content='ocr_page ocr_carea ocr_par ocr_line ocrx_word'/>
</head>
<body>
  <div class='ocr_page' id='page_1' title='image "./historiaseptemsa02hilkuoft_0119.png"; bbox 0 0 1800 2930; ppageno 0'>
   <div class='ocr_carea' id='block_1_1' title="bbox 725 192 1026 231">
    <p class='ocr_par' dir='ltr' id='par_1_1' title="bbox 725 192 1026 231">
     <span class='ocr_line' id='line_1_1' title="bbox 725 192 1026 231; baseline 0 -1"><span class='ocrx_word' id='word_1_1' title='bbox 725 192 1026 231; x_wconf 90' lang='lat'><strong>—101—</strong></span> 
     </span>
    </p>
   </div>
   <div class='ocr_carea' id='block_1_2' title="bbox 158 304 1655 2431">
    <p class='ocr_par' dir='ltr' id='par_1_2' title="bbox 168 304 1638 712">
     <span class='ocr_line' id='line_1_2' title="bbox 171 304 1583 358; baseline 0 -11"><span class='ocrx_word' id='word_1_2' title='bbox 171 307 395 347; x_wconf 83' lang='lat' dir='ltr'>Secundum</span> <span class='ocrx_word' id='word_1_3' title='bbox 424 311 555 347; x_wconf 82' lang='lat' dir='ltr'>autem</span> <span class='ocrx_word' id='word_1_4' title='bbox 581 305 811 346; x_wconf 82' lang='lat' dir='ltr'>mandatum</span> <span class='ocrx_word' id='word_1_5' title='bbox 836 304 987 345; x_wconf 90' lang='lat' dir='ltr'>homini</span> <span class='ocrx_word' id='word_1_6' title='bbox 1015 326 1063 334; x_wconf 89' lang='lat'><strong>—</strong></span> <span class='ocrx_word' id='word_1_7' title='bbox 1093 317 1187 345; x_wconf 73' lang='lat' dir='ltr'>nam</span> <span class='ocrx_word' id='word_1_8' title='bbox 1223 305 1392 358; x_wconf 91' lang='lat' dir='ltr'>primum</span> <span class='ocrx_word' id='word_1_9' title='bbox 1429 305 1583 358; x_wconf 90' lang='lat' dir='ltr'>quidem</span> 
     </span>
     <span class='ocr_line' id='line_1_3' title="bbox 171 363 1583 418; baseline 0 -12"><span class='ocrx_word' id='word_1_10' title='bbox 171 366 458 418; x_wconf 84' lang='lat' dir='ltr'>prothoplastus</span> <span class='ocrx_word' id='word_1_11' title='bbox 484 369 708 417; x_wconf 73' lang='lat' dir='ltr'>corruperat</span> <span class='ocrx_word' id='word_1_12' title='bbox 737 385 784 392; x_wconf 89' lang='lat'>-</span> <span class='ocrx_word' id='word_1_13' title='bbox 814 363 1008 416; x_wconf 83' lang='lat' dir='ltr'><strong>imposuit,</strong></span> <span class='ocrx_word' id='word_1_14' title='bbox 1037 364 1229 416; x_wconf 82' lang='lat' dir='ltr'>baptisma</span> <span class='ocrx_word' id='word_1_15' title='bbox 1246 364 1389 405; x_wconf 80' lang='lat' dir='ltr'>scilicet</span> <span class='ocrx_word' id='word_1_16' title='bbox 1415 366 1517 417; x_wconf 89' lang='lat' dir='ltr'>quod</span> <span class='ocrx_word' id='word_1_17' title='bbox 1535 379 1583 406; x_wconf 81' lang='lat' dir='ltr'>ex</span> 
     </span>
     <span class='ocr_line' id='line_1_4' title="bbox 170 422 1586 478; baseline 0 -13"><span class='ocrx_word' id='word_1_18' title='bbox 170 438 272 476; x_wconf 85' lang='lat' dir='ltr'>aqua</span> <span class='ocrx_word' id='word_1_19' title='bbox 298 430 336 466; x_wconf 90' lang='lat' dir='ltr'>et</span> <span class='ocrx_word' id='word_1_20' title='bbox 362 424 520 478; x_wconf 85' lang='lat' dir='ltr'>spiritus</span> <span class='ocrx_word' id='word_1_21' title='bbox 536 428 672 465; x_wconf 72' lang='lat' dir='ltr'>sanem</span> <span class='ocrx_word' id='word_1_22' title='bbox 699 435 768 475; x_wconf 85' lang='lat' dir='ltr'>per</span> <span class='ocrx_word' id='word_1_23' title='bbox 786 422 1069 463; x_wconf 74' lang='lat' dir='ltr'>confessionem</span> <span class='ocrx_word' id='word_1_24' title='bbox 1096 428 1134 463; x_wconf 92' lang='lat' dir='ltr'>et</span> <span class='ocrx_word' id='word_1_25' title='bbox 1151 424 1434 465; x_wconf 81' lang='lat' dir='ltr'>inuocationem</span> <span class='ocrx_word' id='word_1_26' title='bbox 1452 430 1586 465; x_wconf 78' lang='lat' dir='ltr'>sancte</span> 
     </span>
     <span class='ocr_line' id='line_1_5' title="bbox 170 482 1584 535; baseline 0 -11"><span class='ocrx_word' id='word_1_27' title='bbox 170 483 350 524; x_wconf 75' lang='lat' dir='ltr'>trinitatis</span> <span class='ocrx_word' id='word_1_28' title='bbox 392 483 568 534; x_wconf 82' lang='lat' dir='ltr'>efficitur,</span> <span class='ocrx_word' id='word_1_29' title='bbox 604 482 818 534; x_wconf 80' lang='lat' dir='ltr'>triplexque</span> <span class='ocrx_word' id='word_1_30' title='bbox 852 482 945 522; x_wconf 92' lang='lat' dir='ltr'>illud</span> <span class='ocrx_word' id='word_1_31' title='bbox 985 482 1070 522; x_wconf 83' lang='lat' dir='ltr'>Ade</span> <span class='ocrx_word' id='word_1_32' title='bbox 1106 488 1323 534; x_wconf 84' lang='lat' dir='ltr'>peccatum:</span> <span class='ocrx_word' id='word_1_33' title='bbox 1364 483 1584 535; x_wconf 81' lang='lat' dir='ltr'>superbiam</span> 
     </span>
     <span class='ocr_line' id='line_1_6' title="bbox 169 540 1638 594; baseline -0.003 -11"><span class='ocrx_word' id='word_1_34' title='bbox 169 543 311 583; x_wconf 87' lang='lat' dir='ltr'>scilicet</span> <span class='ocrx_word' id='word_1_35' title='bbox 336 555 414 594; x_wconf 84' lang='lat' dir='ltr'>qua</span> <span class='ocrx_word' id='word_1_36' title='bbox 431 542 493 583; x_wconf 88' lang='lat' dir='ltr'>dei</span> <span class='ocrx_word' id='word_1_37' title='bbox 511 542 739 582; x_wconf 78' lang='lat' dir='ltr'>mandatum</span> <span class='ocrx_word' id='word_1_38' title='bbox 766 541 1010 593; x_wconf 75' lang='lat' dir='ltr'>contempsit,</span> <span class='ocrx_word' id='word_1_39' title='bbox 1036 541 1341 593; x_wconf 71' lang='lat' dir='ltr'>gastrimargiam</span> <span class='ocrx_word' id='word_1_40' title='bbox 1360 555 1437 593; x_wconf 88' lang='lat' dir='ltr'>qua</span> <span class='ocrx_word' id='word_1_41' title='bbox 1455 542 1584 583; x_wconf 84' lang='lat' dir='ltr'>eibum</span> <span class='ocrx_word' id='word_1_42' title='bbox 1610 540 1638 579; x_wconf 85' lang='lat'>5</span> 
     </span>
     <span class='ocr_line' id='line_1_7' title="bbox 169 599 1585 654; baseline -0.001 -11"><span class='ocrx_word' id='word_1_43' title='bbox 169 602 331 643; x_wconf 88' lang='lat' dir='ltr'>uetitum</span> <span class='ocrx_word' id='word_1_44' title='bbox 358 601 589 654; x_wconf 87' lang='lat' dir='ltr'>concupiuit,</span> <span class='ocrx_word' id='word_1_45' title='bbox 616 599 825 641; x_wconf 81' lang='lat' dir='ltr'>auariciam</span> <span class='ocrx_word' id='word_1_46' title='bbox 852 613 930 651; x_wconf 86' lang='lat' dir='ltr'>qua</span> <span class='ocrx_word' id='word_1_47' title='bbox 947 600 1043 640; x_wconf 91' lang='lat' dir='ltr'>deus</span> <span class='ocrx_word' id='word_1_48' title='bbox 1070 613 1156 640; x_wconf 66' lang='lat' dir='ltr'>esse</span> <span class='ocrx_word' id='word_1_49' title='bbox 1182 601 1315 650; x_wconf 89' lang='lat' dir='ltr'>uoluit,</span> <span class='ocrx_word' id='word_1_50' title='bbox 1343 601 1585 642; x_wconf 62' lang='lat' dir='ltr'>confessione</span> 
     </span>
     <span class='ocr_line' id='line_1_8' title="bbox 168 660 723 712; baseline -0.004 -10"><span class='ocrx_word' id='word_1_51' title='bbox 168 666 302 702; x_wconf 82' lang='lat' dir='ltr'>sancte</span> <span class='ocrx_word' id='word_1_52' title='bbox 327 660 506 701; x_wconf 77' lang='lat' dir='ltr'>trinitatis</span> <span class='ocrx_word' id='word_1_53' title='bbox 533 660 723 712; x_wconf 74' lang='lat' dir='ltr'>purgauit.</span> 
     </span>
    </p>

    <p class='ocr_par' dir='ltr' id='par_1_3' title="bbox 166 718 1655 890">
     <span class='ocr_line' id='line_1_9' title="bbox 166 718 1583 808; baseline -0.001 -47"><span class='ocrx_word' id='word_1_54' title='bbox 166 719 404 808; x_wconf 85' lang='lat' dir='ltr'>Lucinius:</span> <span class='ocrx_word' id='word_1_55' title='bbox 431 719 534 769; x_wconf 88' lang='lat' dir='ltr'>Quid</span> <span class='ocrx_word' id='word_1_56' title='bbox 561 724 616 768; x_wconf 95' lang='lat' dir='ltr'>tu,</span> <span class='ocrx_word' id='word_1_57' title='bbox 644 718 709 767; x_wconf 88' lang='lat' dir='ltr'>ait,</span> <span class='ocrx_word' id='word_1_58' title='bbox 738 718 946 759; x_wconf 82' lang='lat' dir='ltr'>trinitatem</span> <span class='ocrx_word' id='word_1_59' title='bbox 966 719 1160 771; x_wconf 78' lang='lat' dir='ltr'>appellas?</span> <span class='ocrx_word' id='word_1_60' title='bbox 1188 719 1419 771; x_wconf 56' lang='lat' dir='ltr'>Respondit:</span> <span class='ocrx_word' id='word_1_61' title='bbox 1438 719 1583 768; x_wconf 90' lang='lat' dir='ltr'>Unum,</span> 
     </span>
     <span class='ocr_line' id='line_1_10' title="bbox 261 777 1585 830; baseline 0.001 -11"><span class='ocrx_word' id='word_1_62' title='bbox 261 779 405 830; x_wconf 91' lang='lat' dir='ltr'>inquit,</span> <span class='ocrx_word' id='word_1_63' title='bbox 434 779 550 819; x_wconf 90' lang='lat' dir='ltr'>deum</span> <span class='ocrx_word' id='word_1_64' title='bbox 578 778 618 818; x_wconf 91' lang='lat' dir='ltr'>in</span> <span class='ocrx_word' id='word_1_65' title='bbox 647 778 770 818; x_wconf 87' lang='lat' dir='ltr'>tribus</span> <span class='ocrx_word' id='word_1_66' title='bbox 797 778 986 830; x_wconf 88' lang='lat' dir='ltr'>personis.</span> <span class='ocrx_word' id='word_1_67' title='bbox 1040 778 1121 818; x_wconf 88' lang='lat' dir='ltr'>Nec</span> <span class='ocrx_word' id='word_1_68' title='bbox 1147 777 1234 818; x_wconf 91' lang='lat' dir='ltr'>ideo</span> <span class='ocrx_word' id='word_1_69' title='bbox 1262 784 1390 818; x_wconf 90' lang='lat' dir='ltr'>tamen</span> <span class='ocrx_word' id='word_1_70' title='bbox 1419 778 1486 819; x_wconf 88' lang='lat' dir='ltr'>tibi</span> <span class='ocrx_word' id='word_1_71' title='bbox 1512 780 1585 820; x_wconf 83' lang='lat' dir='ltr'>tria</span> 
     </span>
     <span class='ocr_line' id='line_1_11' title="bbox 167 837 1655 890; baseline 0 -12"><span class='ocrx_word' id='word_1_72' title='bbox 167 837 353 890; x_wconf 85' lang='lat' dir='ltr'>principia</span> <span class='ocrx_word' id='word_1_73' title='bbox 378 837 544 890; x_wconf 87' lang='lat' dir='ltr'>predico,</span> <span class='ocrx_word' id='word_1_74' title='bbox 572 838 640 878; x_wconf 82' lang='lat' dir='ltr'>sed</span> <span class='ocrx_word' id='word_1_75' title='bbox 668 850 791 877; x_wconf 92' lang='lat' dir='ltr'>unum</span> <span class='ocrx_word' id='word_1_76' title='bbox 819 837 1109 888; x_wconf 86' lang='lat' dir='ltr'>simplicemque</span> <span class='ocrx_word' id='word_1_77' title='bbox 1135 838 1264 886; x_wconf 81' lang='lat' dir='ltr'>deum,</span> <span class='ocrx_word' id='word_1_78' title='bbox 1301 851 1325 876; x_wconf 91' lang='lat' dir='ltr'>a</span> <span class='ocrx_word' id='word_1_79' title='bbox 1351 851 1429 889; x_wconf 86' lang='lat' dir='ltr'>quo</span> <span class='ocrx_word' id='word_1_80' title='bbox 1457 839 1584 879; x_wconf 88' lang='lat' dir='ltr'>omnis</span> <span class='ocrx_word' id='word_1_81' title='bbox 1606 839 1655 878; x_wconf 88' lang='lat'>10</span> 
     </span>
    </p>

    <p class='ocr_par' dir='ltr' id='par_1_4' title="bbox 158 896 1654 2431">
     <span class='ocr_line' id='line_1_12' title="bbox 165 896 1585 948; baseline 0 -10"><span class='ocrx_word' id='word_1_82' title='bbox 165 898 239 938; x_wconf 84' lang='lat' dir='ltr'>hec</span> <span class='ocrx_word' id='word_1_83' title='bbox 270 909 404 938; x_wconf 84' lang='lat' dir='ltr'>rerum</span> <span class='ocrx_word' id='word_1_84' title='bbox 431 898 546 937; x_wconf 88' lang='lat' dir='ltr'>turba</span> <span class='ocrx_word' id='word_1_85' title='bbox 572 910 654 937; x_wconf 90' lang='lat' dir='ltr'>non</span> <span class='ocrx_word' id='word_1_86' title='bbox 691 897 848 948; x_wconf 91' lang='lat' dir='ltr'>quidem</span> <span class='ocrx_word' id='word_1_87' title='bbox 875 909 923 936; x_wconf 87' lang='lat' dir='ltr'>ex</span> <span class='ocrx_word' id='word_1_88' title='bbox 951 896 1157 948; x_wconf 81' lang='lat' dir='ltr'>preiacenti</span> <span class='ocrx_word' id='word_1_89' title='bbox 1192 897 1364 946; x_wconf 82' lang='lat' dir='ltr'>materia,</span> <span class='ocrx_word' id='word_1_90' title='bbox 1400 902 1444 937; x_wconf 90' lang='lat' dir='ltr'>ut</span> <span class='ocrx_word' id='word_1_91' title='bbox 1475 897 1585 938; x_wconf 77' lang='lat' dir='ltr'>Plato</span> 
     </span>
     <span class='ocr_line' id='line_1_13' title="bbox 166 955 1584 1005; baseline 0 -8"><span class='ocrx_word' id='word_1_92' title='bbox 166 956 300 1005; x_wconf 87' lang='lat' dir='ltr'>uoluit,</span> <span class='ocrx_word' id='word_1_93' title='bbox 342 957 411 996; x_wconf 86' lang='lat' dir='ltr'>sed</span> <span class='ocrx_word' id='word_1_94' title='bbox 454 969 502 996; x_wconf 85' lang='lat' dir='ltr'>ex</span> <span class='ocrx_word' id='word_1_95' title='bbox 541 955 685 996; x_wconf 83' lang='lat' dir='ltr'>nichilo</span> <span class='ocrx_word' id='word_1_96' title='bbox 723 961 851 996; x_wconf 78' lang='lat' dir='ltr'>creata</span> <span class='ocrx_word' id='word_1_97' title='bbox 890 958 963 995; x_wconf 68' lang='lat' dir='ltr'>aet.</span> <span class='ocrx_word' id='word_1_98' title='bbox 1027 955 1254 996; x_wconf 78' lang='lat' dir='ltr'>Trinitatem</span> <span class='ocrx_word' id='word_1_99' title='bbox 1294 962 1423 996; x_wconf 87' lang='lat' dir='ltr'>autem</span> <span class='ocrx_word' id='word_1_100' title='bbox 1461 957 1584 997; x_wconf 88' lang='lat' dir='ltr'>tribus</span> 
     </span>
     <span class='ocr_line' id='line_1_14' title="bbox 166 1014 1583 1067; baseline 0 -12"><span class='ocrx_word' id='word_1_101' title='bbox 166 1014 392 1055; x_wconf 87' lang='lat' dir='ltr'>nominibus</span> <span class='ocrx_word' id='word_1_102' title='bbox 437 1015 728 1067; x_wconf 58' lang='lat' dir='ltr'>distinguimffl:</span> <span class='ocrx_word' id='word_1_103' title='bbox 781 1021 891 1067; x_wconf 89' lang='lat' dir='ltr'>patre</span> <span class='ocrx_word' id='word_1_104' title='bbox 935 1015 1109 1055; x_wconf 84' lang='lat' dir='ltr'>uidelicet</span> <span class='ocrx_word' id='word_1_105' title='bbox 1154 1020 1192 1054; x_wconf 90' lang='lat' dir='ltr'>et</span> <span class='ocrx_word' id='word_1_106' title='bbox 1237 1015 1313 1054; x_wconf 81' lang='lat' dir='ltr'>filio</span> <span class='ocrx_word' id='word_1_107' title='bbox 1357 1020 1395 1055; x_wconf 89' lang='lat' dir='ltr'>et</span> <span class='ocrx_word' id='word_1_108' title='bbox 1448 1015 1583 1067; x_wconf 91' lang='lat' dir='ltr'>spiritu</span> 
     </span>
     <span class='ocr_line' id='line_1_15' title="bbox 164 1074 1580 1127; baseline 0 -12"><span class='ocrx_word' id='word_1_109' title='bbox 164 1079 312 1123; x_wconf 84' lang='lat' dir='ltr'>sancto,</span> <span class='ocrx_word' id='word_1_110' title='bbox 352 1074 390 1114; x_wconf 93' lang='lat' dir='ltr'>id</span> <span class='ocrx_word' id='word_1_111' title='bbox 436 1080 495 1114; x_wconf 90' lang='lat' dir='ltr'>est</span> <span class='ocrx_word' id='word_1_112' title='bbox 534 1074 717 1127; x_wconf 84' lang='lat' dir='ltr'>potentia,</span> <span class='ocrx_word' id='word_1_113' title='bbox 761 1074 948 1126; x_wconf 78' lang='lat' dir='ltr'>sapientia</span> <span class='ocrx_word' id='word_1_114' title='bbox 986 1080 1025 1114; x_wconf 91' lang='lat' dir='ltr'>et</span> <span class='ocrx_word' id='word_1_115' title='bbox 1059 1074 1310 1126; x_wconf 87' lang='lat' dir='ltr'>beneplacito.</span> <span class='ocrx_word' id='word_1_116' title='bbox 1374 1074 1457 1114; x_wconf 87' lang='lat' dir='ltr'>Hec</span> <span class='ocrx_word' id='word_1_117' title='bbox 1492 1075 1580 1115; x_wconf 87' lang='lat' dir='ltr'>tria:</span> 
     </span>
     <span class='ocr_line' id='line_1_16' title="bbox 165 1133 1654 1186; baseline 0 -12"><span class='ocrx_word' id='word_1_118' title='bbox 165 1146 280 1186; x_wconf 61' lang='lat' dir='ltr'>posse</span> <span class='ocrx_word' id='word_1_119' title='bbox 317 1133 507 1183; x_wconf 87' lang='lat' dir='ltr'>uidelicet,</span> <span class='ocrx_word' id='word_1_120' title='bbox 535 1134 634 1174; x_wconf 86' lang='lat' dir='ltr'>scire</span> <span class='ocrx_word' id='word_1_121' title='bbox 660 1139 698 1174; x_wconf 90' lang='lat' dir='ltr'>et</span> <span class='ocrx_word' id='word_1_122' title='bbox 725 1134 837 1183; x_wconf 85' lang='lat' dir='ltr'>uelle,</span> <span class='ocrx_word' id='word_1_123' title='bbox 865 1134 905 1174; x_wconf 90' lang='lat' dir='ltr'>in</span> <span class='ocrx_word' id='word_1_124' title='bbox 933 1134 1102 1185; x_wconf 88' lang='lat' dir='ltr'>quolibet</span> <span class='ocrx_word' id='word_1_125' title='bbox 1128 1133 1274 1173; x_wconf 87' lang='lat' dir='ltr'>artifice</span> <span class='ocrx_word' id='word_1_126' title='bbox 1300 1133 1441 1184; x_wconf 88' lang='lat' dir='ltr'>aliquid</span> <span class='ocrx_word' id='word_1_127' title='bbox 1459 1134 1583 1175; x_wconf 74' lang='lat' dir='ltr'>facere</span> <span class='ocrx_word' id='word_1_128' title='bbox 1604 1134 1654 1174; x_wconf 85' lang='lat'>15</span> 
     </span>
     <span class='ocr_line' id='line_1_17' title="bbox 166 1193 1583 1245; baseline 0.001 -12"><span class='ocrx_word' id='word_1_129' title='bbox 166 1198 408 1245; x_wconf 89' lang='lat' dir='ltr'>proponente</span> <span class='ocrx_word' id='word_1_130' title='bbox 444 1194 678 1234; x_wconf 89' lang='lat' dir='ltr'>concordare</span> <span class='ocrx_word' id='word_1_131' title='bbox 713 1198 881 1245; x_wconf 80' lang='lat' dir='ltr'>oportet3</span> <span class='ocrx_word' id='word_1_132' title='bbox 909 1193 1090 1245; x_wconf 91' lang='lat' dir='ltr'>alioquin,</span> <span class='ocrx_word' id='word_1_133' title='bbox 1118 1193 1150 1233; x_wconf 87' lang='lat' dir='ltr'>si</span> <span class='ocrx_word' id='word_1_134' title='bbox 1176 1193 1318 1232; x_wconf 89' lang='lat' dir='ltr'>horum</span> <span class='ocrx_word' id='word_1_135' title='bbox 1355 1206 1478 1233; x_wconf 91' lang='lat' dir='ltr'>unum</span> <span class='ocrx_word' id='word_1_136' title='bbox 1517 1194 1583 1234; x_wconf 88' lang='lat' dir='ltr'>de-</span> 
     </span>
     <span class='ocr_line' id='line_1_18' title="bbox 168 1251 1583 1304; baseline 0 -12"><span class='ocrx_word' id='word_1_137' title='bbox 168 1251 230 1302; x_wconf 82' lang='lat' dir='ltr'>sit,</span> <span class='ocrx_word' id='word_1_138' title='bbox 257 1252 415 1293; x_wconf 78' lang='lat' dir='ltr'>effectus</span> <span class='ocrx_word' id='word_1_139' title='bbox 442 1253 498 1292; x_wconf 88' lang='lat' dir='ltr'>rei</span> <span class='ocrx_word' id='word_1_140' title='bbox 516 1265 597 1293; x_wconf 91' lang='lat' dir='ltr'>non</span> <span class='ocrx_word' id='word_1_141' title='bbox 625 1253 809 1304; x_wconf 89' lang='lat' dir='ltr'>sequitur.</span> <span class='ocrx_word' id='word_1_142' title='bbox 863 1254 949 1302; x_wconf 88' lang='lat' dir='ltr'>Que</span> <span class='ocrx_word' id='word_1_143' title='bbox 976 1259 1106 1293; x_wconf 86' lang='lat' dir='ltr'>tamen</span> <span class='ocrx_word' id='word_1_144' title='bbox 1134 1252 1206 1292; x_wconf 90' lang='lat' dir='ltr'>tria</span> <span class='ocrx_word' id='word_1_145' title='bbox 1242 1265 1330 1292; x_wconf 89' lang='lat' dir='ltr'>cum</span> <span class='ocrx_word' id='word_1_146' title='bbox 1358 1252 1396 1292; x_wconf 92' lang='lat' dir='ltr'>in</span> <span class='ocrx_word' id='word_1_147' title='bbox 1425 1253 1583 1293; x_wconf 88' lang='lat' dir='ltr'>homine</span> 
     </span>
     <span class='ocr_line' id='line_1_19' title="bbox 165 1311 1581 1363; baseline -0.001 -11"><span class='ocrx_word' id='word_1_148' title='bbox 165 1311 256 1360; x_wconf 82' lang='lat' dir='ltr'>sint,</span> <span class='ocrx_word' id='word_1_149' title='bbox 294 1325 375 1352; x_wconf 90' lang='lat' dir='ltr'>non</span> <span class='ocrx_word' id='word_1_150' title='bbox 410 1317 490 1352; x_wconf 89' lang='lat' dir='ltr'>tres</span> <span class='ocrx_word' id='word_1_151' title='bbox 522 1312 704 1352; x_wconf 87' lang='lat' dir='ltr'>homines</span> <span class='ocrx_word' id='word_1_152' title='bbox 731 1312 818 1352; x_wconf 90' lang='lat' dir='ltr'>ideo</span> <span class='ocrx_word' id='word_1_153' title='bbox 844 1318 948 1361; x_wconf 88' lang='lat' dir='ltr'>sunt,</span> <span class='ocrx_word' id='word_1_154' title='bbox 977 1313 1045 1352; x_wconf 88' lang='lat' dir='ltr'>sed</span> <span class='ocrx_word' id='word_1_155' title='bbox 1074 1325 1188 1351; x_wconf 91' lang='lat' dir='ltr'>unus.</span> <span class='ocrx_word' id='word_1_156' title='bbox 1244 1311 1307 1351; x_wconf 91' lang='lat' dir='ltr'>Sic</span> <span class='ocrx_word' id='word_1_157' title='bbox 1334 1325 1425 1363; x_wconf 79' lang='lat' dir='ltr'>ergo</span> <span class='ocrx_word' id='word_1_158' title='bbox 1457 1325 1581 1352; x_wconf 91' lang='lat' dir='ltr'>unum</span> 
     </span>
     <span class='ocr_line' id='line_1_20' title="bbox 166 1370 1581 1423; baseline -0.001 -11"><span class='ocrx_word' id='word_1_159' title='bbox 166 1371 283 1412; x_wconf 82' lang='lat' dir='ltr'>deum</span> <span class='ocrx_word' id='word_1_160' title='bbox 323 1371 555 1411; x_wconf 80' lang='lat' dir='ltr'>confitemur</span> <span class='ocrx_word' id='word_1_161' title='bbox 592 1371 631 1411; x_wconf 92' lang='lat' dir='ltr'>in</span> <span class='ocrx_word' id='word_1_162' title='bbox 674 1370 798 1412; x_wconf 87' lang='lat' dir='ltr'>tribus</span> <span class='ocrx_word' id='word_1_163' title='bbox 824 1372 1001 1423; x_wconf 89' lang='lat' dir='ltr'>personis</span> <span class='ocrx_word' id='word_1_164' title='bbox 1037 1372 1256 1419; x_wconf 88' lang='lat' dir='ltr'>colendum,</span> <span class='ocrx_word' id='word_1_165' title='bbox 1294 1376 1332 1410; x_wconf 91' lang='lat' dir='ltr'>et</span> <span class='ocrx_word' id='word_1_166' title='bbox 1368 1371 1464 1423; x_wconf 85' lang='lat' dir='ltr'>patri</span> <span class='ocrx_word' id='word_1_167' title='bbox 1501 1371 1581 1422; x_wconf 88' lang='lat' dir='ltr'>qui-</span> 
     </span>
     <span class='ocr_line' id='line_1_21' title="bbox 163 1430 1654 1483; baseline 0.001 -13"><span class='ocrx_word' id='word_1_168' title='bbox 163 1430 254 1470; x_wconf 91' lang='lat' dir='ltr'>dem</span> <span class='ocrx_word' id='word_1_169' title='bbox 314 1443 364 1470; x_wconf 83' lang='lat' dir='ltr'>ex</span> <span class='ocrx_word' id='word_1_170' title='bbox 402 1443 481 1482; x_wconf 91' lang='lat' dir='ltr'>quo</span> <span class='ocrx_word' id='word_1_171' title='bbox 527 1430 870 1482; x_wconf 87' lang='lat' dir='ltr'>omnipotentiam,</span> <span class='ocrx_word' id='word_1_172' title='bbox 916 1431 994 1471; x_wconf 87' lang='lat' dir='ltr'>filio</span> <span class='ocrx_word' id='word_1_173' title='bbox 1040 1444 1133 1471; x_wconf 89' lang='lat' dir='ltr'>uero</span> <span class='ocrx_word' id='word_1_174' title='bbox 1178 1443 1247 1483; x_wconf 93' lang='lat' dir='ltr'>per</span> <span class='ocrx_word' id='word_1_175' title='bbox 1291 1443 1406 1482; x_wconf 89' lang='lat' dir='ltr'>quem</span> <span class='ocrx_word' id='word_1_176' title='bbox 1451 1431 1582 1471; x_wconf 88' lang='lat' dir='ltr'>omnia</span> <span class='ocrx_word' id='word_1_177' title='bbox 1600 1430 1654 1470; x_wconf 74' lang='lat'>20</span> 
     </span>
     <span class='ocr_line' id='line_1_22' title="bbox 164 1489 1582 1542; baseline 0.001 -13"><span class='ocrx_word' id='word_1_178' title='bbox 164 1489 406 1541; x_wconf 83' lang='lat' dir='ltr'>sapientiam,</span> <span class='ocrx_word' id='word_1_179' title='bbox 444 1490 593 1542; x_wconf 88' lang='lat' dir='ltr'>spiritui</span> <span class='ocrx_word' id='word_1_180' title='bbox 621 1495 751 1530; x_wconf 88' lang='lat' dir='ltr'>autem</span> <span class='ocrx_word' id='word_1_181' title='bbox 778 1496 914 1531; x_wconf 87' lang='lat' dir='ltr'>sancto</span> <span class='ocrx_word' id='word_1_182' title='bbox 949 1491 989 1530; x_wconf 91' lang='lat' dir='ltr'>in</span> <span class='ocrx_word' id='word_1_183' title='bbox 1018 1503 1094 1542; x_wconf 93' lang='lat' dir='ltr'>quo</span> <span class='ocrx_word' id='word_1_184' title='bbox 1131 1490 1264 1530; x_wconf 89' lang='lat' dir='ltr'>omnia</span> <span class='ocrx_word' id='word_1_185' title='bbox 1298 1490 1582 1542; x_wconf 86' lang='lat' dir='ltr'>beneplacitum</span> 
     </span>
     <span class='ocr_line' id='line_1_23' title="bbox 162 1548 1581 1604; baseline 0 -15"><span class='ocrx_word' id='word_1_186' title='bbox 162 1548 421 1598; x_wconf 82' lang='lat' dir='ltr'>attribuimus,</span> <span class='ocrx_word' id='word_1_187' title='bbox 449 1562 687 1601; x_wconf 88' lang='lat' dir='ltr'>quamquam</span> <span class='ocrx_word' id='word_1_188' title='bbox 714 1555 751 1590; x_wconf 92' lang='lat' dir='ltr'>et</span> <span class='ocrx_word' id='word_1_189' title='bbox 779 1550 933 1604; x_wconf 89' lang='lat' dir='ltr'>sapiens</span> <span class='ocrx_word' id='word_1_190' title='bbox 960 1551 1010 1590; x_wconf 92' lang='lat' dir='ltr'>sit</span> <span class='ocrx_word' id='word_1_191' title='bbox 1037 1555 1145 1602; x_wconf 89' lang='lat' dir='ltr'>pater</span> <span class='ocrx_word' id='word_1_192' title='bbox 1171 1555 1209 1589; x_wconf 91' lang='lat' dir='ltr'>et</span> <span class='ocrx_word' id='word_1_193' title='bbox 1236 1555 1373 1601; x_wconf 89' lang='lat' dir='ltr'>potens</span> <span class='ocrx_word' id='word_1_194' title='bbox 1405 1550 1454 1589; x_wconf 89' lang='lat' dir='ltr'>sit</span> <span class='ocrx_word' id='word_1_195' title='bbox 1481 1549 1581 1589; x_wconf 88' lang='lat' dir='ltr'>filius</span> 
     </span>
     <span class='ocr_line' id='line_1_24' title="bbox 165 1608 1581 1661; baseline 0.001 -13"><span class='ocrx_word' id='word_1_196' title='bbox 165 1614 203 1648; x_wconf 93' lang='lat' dir='ltr'>et</span> <span class='ocrx_word' id='word_1_197' title='bbox 230 1608 385 1660; x_wconf 86' lang='lat' dir='ltr'>sapiens</span> <span class='ocrx_word' id='word_1_198' title='bbox 412 1608 460 1649; x_wconf 87' lang='lat' dir='ltr'>sit</span> <span class='ocrx_word' id='word_1_199' title='bbox 489 1608 645 1661; x_wconf 89' lang='lat' dir='ltr'>spiritus</span> <span class='ocrx_word' id='word_1_200' title='bbox 671 1615 842 1658; x_wconf 88' lang='lat' dir='ltr'>sanctus,</span> <span class='ocrx_word' id='word_1_201' title='bbox 870 1615 908 1650; x_wconf 86' lang='lat' dir='ltr'>et</span> <span class='ocrx_word' id='word_1_202' title='bbox 925 1610 1073 1661; x_wconf 85' lang='lat' dir='ltr'>equalis</span> <span class='ocrx_word' id='word_1_203' title='bbox 1099 1609 1149 1649; x_wconf 90' lang='lat' dir='ltr'>sit</span> <span class='ocrx_word' id='word_1_204' title='bbox 1176 1609 1273 1661; x_wconf 90' lang='lat' dir='ltr'>patri</span> <span class='ocrx_word' id='word_1_205' title='bbox 1300 1609 1401 1648; x_wconf 88' lang='lat' dir='ltr'>filius</span> <span class='ocrx_word' id='word_1_206' title='bbox 1427 1614 1465 1649; x_wconf 91' lang='lat' dir='ltr'>et</span> <span class='ocrx_word' id='word_1_207' title='bbox 1483 1609 1581 1661; x_wconf 86' lang='lat' dir='ltr'>patri</span> 
     </span>
     <span class='ocr_line' id='line_1_25' title="bbox 165 1667 1580 1720; baseline 0.001 -13"><span class='ocrx_word' id='word_1_208' title='bbox 165 1673 202 1708; x_wconf 88' lang='lat' dir='ltr'>et</span> <span class='ocrx_word' id='word_1_209' title='bbox 230 1668 307 1707; x_wconf 86' lang='lat' dir='ltr'>filio</span> <span class='ocrx_word' id='word_1_210' title='bbox 334 1673 373 1708; x_wconf 90' lang='lat' dir='ltr'>et</span> <span class='ocrx_word' id='word_1_211' title='bbox 399 1667 593 1720; x_wconf 74' lang='lat' dir='ltr'>coequalis</span> <span class='ocrx_word' id='word_1_212' title='bbox 628 1674 667 1709; x_wconf 88' lang='lat' dir='ltr'>et</span> <span class='ocrx_word' id='word_1_213' title='bbox 692 1674 897 1709; x_wconf 87' lang='lat' dir='ltr'>coeternus</span> <span class='ocrx_word' id='word_1_214' title='bbox 925 1669 974 1709; x_wconf 89' lang='lat' dir='ltr'>sit</span> <span class='ocrx_word' id='word_1_215' title='bbox 1010 1669 1166 1720; x_wconf 89' lang='lat' dir='ltr'>spiritus</span> <span class='ocrx_word' id='word_1_216' title='bbox 1193 1674 1364 1709; x_wconf 82' lang='lat' dir='ltr'>sanctus.</span> <span class='ocrx_word' id='word_1_217' title='bbox 1419 1669 1496 1709; x_wconf 89' lang='lat' dir='ltr'>Sed</span> <span class='ocrx_word' id='word_1_218' title='bbox 1531 1670 1580 1709; x_wconf 91' lang='lat' dir='ltr'>de</span> 
     </span>
     <span class='ocr_line' id='line_1_26' title="bbox 159 1725 1651 1780; baseline -0.001 -13"><span class='ocrx_word' id='word_1_219' title='bbox 159 1727 236 1767; x_wconf 86' lang='lat' dir='ltr'>hac</span> <span class='ocrx_word' id='word_1_220' title='bbox 262 1727 443 1767; x_wconf 78' lang='lat' dir='ltr'>ineffabili</span> <span class='ocrx_word' id='word_1_221' title='bbox 470 1733 508 1768; x_wconf 91' lang='lat' dir='ltr'>et</span> <span class='ocrx_word' id='word_1_222' title='bbox 534 1727 734 1768; x_wconf 90' lang='lat' dir='ltr'>indiuidua</span> <span class='ocrx_word' id='word_1_223' title='bbox 759 1728 928 1769; x_wconf 86' lang='lat' dir='ltr'>trinitate</span> <span class='ocrx_word' id='word_1_224' title='bbox 954 1729 1022 1768; x_wconf 86' lang='lat' dir='ltr'>tibi</span> <span class='ocrx_word' id='word_1_225' title='bbox 1049 1733 1181 1780; x_wconf 90' lang='lat' dir='ltr'>utpote</span> <span class='ocrx_word' id='word_1_226' title='bbox 1198 1727 1329 1779; x_wconf 82' lang='lat' dir='ltr'>gentili</span> <span class='ocrx_word' id='word_1_227' title='bbox 1355 1733 1393 1768; x_wconf 90' lang='lat' dir='ltr'>et</span> <span class='ocrx_word' id='word_1_228' title='bbox 1420 1728 1578 1768; x_wconf 83' lang='lat' dir='ltr'>forsitan</span> <span class='ocrx_word' id='word_1_229' title='bbox 1598 1725 1651 1765; x_wconf 78' lang='lat'>25</span> 
     </span>
     <span class='ocr_line' id='line_1_27' title="bbox 160 1786 1579 1839; baseline 0.001 -13"><span class='ocrx_word' id='word_1_230' title='bbox 160 1786 359 1827; x_wconf 84' lang='lat' dir='ltr'>incredulo</span> <span class='ocrx_word' id='word_1_231' title='bbox 384 1787 539 1839; x_wconf 80' lang='lat' dir='ltr'>longius</span> <span class='ocrx_word' id='word_1_232' title='bbox 565 1787 753 1828; x_wconf 84' lang='lat' dir='ltr'>disserere</span> <span class='ocrx_word' id='word_1_233' title='bbox 789 1801 871 1827; x_wconf 90' lang='lat' dir='ltr'>non</span> <span class='ocrx_word' id='word_1_234' title='bbox 898 1789 1099 1835; x_wconf 87' lang='lat' dir='ltr'>audemus,</span> <span class='ocrx_word' id='word_1_235' title='bbox 1137 1787 1228 1838; x_wconf 91' lang='lat' dir='ltr'>quia</span> <span class='ocrx_word' id='word_1_236' title='bbox 1264 1793 1302 1827; x_wconf 92' lang='lat' dir='ltr'>et</span> <span class='ocrx_word' id='word_1_237' title='bbox 1328 1787 1401 1827; x_wconf 87' lang='lat' dir='ltr'>hec</span> <span class='ocrx_word' id='word_1_238' title='bbox 1427 1793 1579 1827; x_wconf 91' lang='lat' dir='ltr'>tantum</span> 
     </span>
     <span class='ocr_line' id='line_1_28' title="bbox 161 1846 1577 1900; baseline 0 -14"><span class='ocrx_word' id='word_1_239' title='bbox 161 1858 281 1898; x_wconf 86' lang='lat' dir='ltr'>supra</span> <span class='ocrx_word' id='word_1_240' title='bbox 317 1859 390 1886; x_wconf 87' lang='lat' dir='ltr'>nos</span> <span class='ocrx_word' id='word_1_241' title='bbox 425 1851 485 1886; x_wconf 69' lang='lat' dir='ltr'>oet</span> <span class='ocrx_word' id='word_1_242' title='bbox 520 1852 711 1898; x_wconf 86' lang='lat' dir='ltr'>quantum</span> <span class='ocrx_word' id='word_1_243' title='bbox 746 1860 859 1887; x_wconf 88' lang='lat' dir='ltr'>suam</span> <span class='ocrx_word' id='word_1_244' title='bbox 886 1853 1035 1887; x_wconf 83' lang='lat' dir='ltr'>creator</span> <span class='ocrx_word' id='word_1_245' title='bbox 1061 1846 1323 1899; x_wconf 90' lang='lat' dir='ltr'>supereminet</span> <span class='ocrx_word' id='word_1_246' title='bbox 1349 1851 1577 1900; x_wconf 62' lang='lat' dir='ltr'>creaturam,</span> 
     </span>
     <span class='ocr_line' id='line_1_29' title="bbox 160 1905 1578 1958; baseline 0 -12"><span class='ocrx_word' id='word_1_247' title='bbox 160 1917 252 1946; x_wconf 83' lang='lat' dir='ltr'>cum</span> <span class='ocrx_word' id='word_1_248' title='bbox 278 1910 317 1945; x_wconf 90' lang='lat' dir='ltr'>et</span> <span class='ocrx_word' id='word_1_249' title='bbox 343 1906 447 1956; x_wconf 90' lang='lat' dir='ltr'>quod</span> <span class='ocrx_word' id='word_1_250' title='bbox 465 1907 581 1946; x_wconf 86' lang='lat' dir='ltr'>eorde</span> <span class='ocrx_word' id='word_1_251' title='bbox 598 1906 837 1958; x_wconf 87' lang='lat' dir='ltr'>concipimus</span> <span class='ocrx_word' id='word_1_252' title='bbox 864 1911 902 1946; x_wconf 90' lang='lat' dir='ltr'>et</span> <span class='ocrx_word' id='word_1_253' title='bbox 920 1906 1111 1946; x_wconf 89' lang='lat' dir='ltr'>sentimus</span> <span class='ocrx_word' id='word_1_254' title='bbox 1138 1918 1206 1945; x_wconf 90' lang='lat' dir='ltr'>ore</span> <span class='ocrx_word' id='word_1_255' title='bbox 1231 1906 1402 1957; x_wconf 85' lang='lat' dir='ltr'>proferre</span> <span class='ocrx_word' id='word_1_256' title='bbox 1428 1919 1475 1946; x_wconf 65' lang='grc' dir='ltr'><em>ω</em></span> <span class='ocrx_word' id='word_1_257' title='bbox 1500 1905 1578 1957; x_wconf 78' lang='lat' dir='ltr'>dig-</span> 
     </span>
     <span class='ocr_line' id='line_1_30' title="bbox 160 1964 1577 2018; baseline -0.001 -13"><span class='ocrx_word' id='word_1_258' title='bbox 160 1964 280 2005; x_wconf 89' lang='lat' dir='ltr'>nitate</span> <span class='ocrx_word' id='word_1_259' title='bbox 306 1965 515 2005; x_wconf 88' lang='lat' dir='ltr'>uerborum</span> <span class='ocrx_word' id='word_1_260' title='bbox 529 1978 608 2016; x_wconf 91' lang='lat' dir='ltr'>qua</span> <span class='ocrx_word' id='word_1_261' title='bbox 633 1966 765 2006; x_wconf 62' lang='lat' dir='ltr'>deceat</span> <span class='ocrx_word' id='word_1_262' title='bbox 792 1979 873 2006; x_wconf 92' lang='lat' dir='ltr'>non</span> <span class='ocrx_word' id='word_1_263' title='bbox 893 1965 1098 2018; x_wconf 85' lang='lat' dir='ltr'>possimus,</span> <span class='ocrx_word' id='word_1_264' title='bbox 1125 1965 1246 2005; x_wconf 89' lang='lat' dir='ltr'>immo</span> <span class='ocrx_word' id='word_1_265' title='bbox 1264 1978 1423 2016; x_wconf 88' lang='lat' dir='ltr'>prorsus</span> <span class='ocrx_word' id='word_1_266' title='bbox 1452 1965 1577 2017; x_wconf 84' lang='lat' dir='ltr'>oppri-</span> 
     </span>
     <span class='ocr_line' id='line_1_31' title="bbox 160 2020 1654 2076; baseline 0 -13"><span class='ocrx_word' id='word_1_267' title='bbox 160 2036 316 2063; x_wconf 88' lang='lat' dir='ltr'>mamur</span> <span class='ocrx_word' id='word_1_268' title='bbox 341 2037 366 2064; x_wconf 89' lang='lat' dir='ltr'>a</span> <span class='ocrx_word' id='word_1_269' title='bbox 391 2024 513 2076; x_wconf 79' lang='lat' dir='ltr'>gloria</span> <span class='ocrx_word' id='word_1_270' title='bbox 538 2029 577 2065; x_wconf 93' lang='lat' dir='ltr'>et</span> <span class='ocrx_word' id='word_1_271' title='bbox 611 2024 652 2065; x_wconf 90' lang='lat' dir='ltr'>in</span> <span class='ocrx_word' id='word_1_272' title='bbox 686 2026 897 2065; x_wconf 87' lang='lat' dir='ltr'>scrutanda</span> <span class='ocrx_word' id='word_1_273' title='bbox 931 2024 1131 2066; x_wconf 63' lang='lat' dir='ltr'>maiestate</span> <span class='ocrx_word' id='word_1_274' title='bbox 1166 2024 1317 2065; x_wconf 83' lang='lat' dir='ltr'>deficiat</span> <span class='ocrx_word' id='word_1_275' title='bbox 1351 2024 1575 2064; x_wconf 87' lang='lat' dir='ltr'>intellectus.</span> <span class='ocrx_word' id='word_1_276' title='bbox 1594 2020 1654 2059; x_wconf 83' lang='grc'>30</span> 
     </span>
     <span class='ocr_line' id='line_1_32' title="bbox 159 2081 1576 2170; baseline 0 -47"><span class='ocrx_word' id='word_1_277' title='bbox 159 2081 394 2170; x_wconf 84' lang='lat' dir='ltr'>Lucinius:</span> <span class='ocrx_word' id='word_1_278' title='bbox 423 2084 584 2125; x_wconf 87' lang='lat' dir='ltr'>Placent</span> <span class='ocrx_word' id='word_1_279' title='bbox 609 2084 727 2125; x_wconf 87' lang='lat' dir='ltr'>michi</span> <span class='ocrx_word' id='word_1_280' title='bbox 745 2098 821 2136; x_wconf 88' lang='lat' dir='ltr'>que</span> <span class='ocrx_word' id='word_1_281' title='bbox 839 2083 947 2133; x_wconf 85' lang='lat' dir='ltr'>dicis,</span> <span class='ocrx_word' id='word_1_282' title='bbox 974 2085 1042 2124; x_wconf 91' lang='lat' dir='ltr'>sed</span> <span class='ocrx_word' id='word_1_283' title='bbox 1062 2083 1200 2124; x_wconf 89' lang='lat' dir='ltr'>uellem</span> <span class='ocrx_word' id='word_1_284' title='bbox 1228 2084 1326 2124; x_wconf 82' lang='lat' dir='ltr'>seire</span> <span class='ocrx_word' id='word_1_285' title='bbox 1352 2085 1385 2123; x_wconf 87' lang='lat' dir='ltr'>si</span> <span class='ocrx_word' id='word_1_286' title='bbox 1403 2096 1576 2134; x_wconf 89' lang='lat' dir='ltr'>unquam</span> 
     </span>
     <span class='ocr_line' id='line_1_33' title="bbox 244 2142 1579 2196; baseline 0 -14"><span class='ocrx_word' id='word_1_287' title='bbox 244 2143 399 2194; x_wconf 91' lang='lat' dir='ltr'>reprobi</span> <span class='ocrx_word' id='word_1_288' title='bbox 426 2143 552 2195; x_wconf 75' lang='lat' dir='ltr'>angeli</span> <span class='ocrx_word' id='word_1_289' title='bbox 582 2157 680 2196; x_wconf 90' lang='lat' dir='ltr'>quos</span> <span class='ocrx_word' id='word_1_290' title='bbox 707 2150 749 2184; x_wconf 91' lang='lat' dir='ltr'>tu</span> <span class='ocrx_word' id='word_1_291' title='bbox 768 2144 953 2185; x_wconf 85' lang='lat' dir='ltr'>cecidisse</span> <span class='ocrx_word' id='word_1_292' title='bbox 979 2143 1121 2184; x_wconf 88' lang='lat' dir='ltr'>asseris</span> <span class='ocrx_word' id='word_1_293' title='bbox 1147 2142 1452 2183; x_wconf 84' lang='lat' dir='ltr'>misericordiam</span> <span class='ocrx_word' id='word_1_294' title='bbox 1479 2143 1579 2183; x_wconf 88' lang='lat' dir='ltr'>sicut</span> 
     </span>
     <span class='ocr_line' id='line_1_34' title="bbox 160 2201 1575 2255; baseline 0 -14"><span class='ocrx_word' id='word_1_295' title='bbox 160 2206 199 2241; x_wconf 89' lang='lat' dir='ltr'>et</span> <span class='ocrx_word' id='word_1_296' title='bbox 215 2202 335 2242; x_wconf 87' lang='lat' dir='ltr'>homo</span> <span class='ocrx_word' id='word_1_297' title='bbox 353 2203 537 2254; x_wconf 86' lang='lat' dir='ltr'>consequi</span> <span class='ocrx_word' id='word_1_298' title='bbox 555 2204 821 2244; x_wconf 86' lang='lat' dir='ltr'>merebuntur.</span> <span class='ocrx_word' id='word_1_299' title='bbox 859 2203 926 2243; x_wconf 91' lang='lat' dir='ltr'>Vir</span> <span class='ocrx_word' id='word_1_300' title='bbox 939 2208 1098 2244; x_wconf 82' lang='lat' dir='ltr'>sanetus</span> <span class='ocrx_word' id='word_1_301' title='bbox 1110 2202 1325 2255; x_wconf 88' lang='lat' dir='ltr'>respondit:</span> <span class='ocrx_word' id='word_1_302' title='bbox 1352 2201 1575 2253; x_wconf 89' lang='lat' dir='ltr'>Numquam</span> 
     </span>
     <span class='ocr_line' id='line_1_35' title="bbox 158 2261 1574 2314; baseline 0.001 -14"><span class='ocrx_word' id='word_1_303' title='bbox 158 2266 263 2301; x_wconf 87' lang='lat' dir='ltr'>certe</span> <span class='ocrx_word' id='word_1_304' title='bbox 301 2262 457 2302; x_wconf 89' lang='lat' dir='ltr'>ueniam</span> <span class='ocrx_word' id='word_1_305' title='bbox 493 2269 791 2314; x_wconf 86' lang='lat' dir='ltr'>consequentur,</span> <span class='ocrx_word' id='word_1_306' title='bbox 834 2263 925 2314; x_wconf 88' lang='lat' dir='ltr'>quia</span> <span class='ocrx_word' id='word_1_307' title='bbox 962 2275 1088 2314; x_wconf 84' lang='lat' dir='ltr'>neque</span> <span class='ocrx_word' id='word_1_308' title='bbox 1124 2262 1248 2314; x_wconf 89' lang='lat' dir='ltr'>ipsam</span> <span class='ocrx_word' id='word_1_309' title='bbox 1286 2266 1466 2313; x_wconf 85' lang='lat' dir='ltr'>querunt,</span> <span class='ocrx_word' id='word_1_310' title='bbox 1506 2261 1574 2301; x_wconf 88' lang='lat' dir='ltr'>sed</span> 
     </span>
     <span class='ocr_line' id='line_1_36' title="bbox 159 2316 1646 2373; baseline 0.001 -14"><span class='ocrx_word' id='word_1_311' title='bbox 159 2331 313 2371; x_wconf 82' lang='lat' dir='ltr'>semper</span> <span class='ocrx_word' id='word_1_312' title='bbox 348 2320 389 2360; x_wconf 91' lang='lat' dir='ltr'>in</span> <span class='ocrx_word' id='word_1_313' title='bbox 426 2321 530 2361; x_wconf 85' lang='lat' dir='ltr'>malo</span> <span class='ocrx_word' id='word_1_314' title='bbox 564 2334 701 2362; x_wconf 89' lang='lat' dir='ltr'>eorum</span> <span class='ocrx_word' id='word_1_315' title='bbox 740 2327 918 2362; x_wconf 87' lang='lat' dir='ltr'>uersatur</span> <span class='ocrx_word' id='word_1_316' title='bbox 953 2321 1165 2373; x_wconf 77' lang='lat' dir='ltr'>ingenium,</span> <span class='ocrx_word' id='word_1_317' title='bbox 1205 2321 1307 2361; x_wconf 88' lang='lat' dir='ltr'>iusto</span> <span class='ocrx_word' id='word_1_318' title='bbox 1342 2320 1403 2361; x_wconf 90' lang='lat' dir='ltr'>dei</span> <span class='ocrx_word' id='word_1_319' title='bbox 1438 2319 1575 2360; x_wconf 79' lang='lat' dir='ltr'>iudicio</span> <span class='ocrx_word' id='word_1_320' title='bbox 1592 2316 1646 2355; x_wconf 88' lang='lat'>35</span> 
     </span>
     <span class='ocr_line' id='line_1_37' title="bbox 158 2378 1576 2431; baseline 0 -12"><span class='ocrx_word' id='word_1_321' title='bbox 158 2378 340 2420; x_wconf 82' lang='lat' dir='ltr'>indurati.</span> <span class='ocrx_word' id='word_1_322' title='bbox 393 2380 496 2429; x_wconf 88' lang='lat' dir='ltr'>Quia</span> <span class='ocrx_word' id='word_1_323' title='bbox 521 2381 625 2421; x_wconf 90' lang='lat' dir='ltr'>enim</span> <span class='ocrx_word' id='word_1_324' title='bbox 654 2394 702 2422; x_wconf 82' lang='lat' dir='ltr'>ex</span> <span class='ocrx_word' id='word_1_325' title='bbox 729 2380 980 2422; x_wconf 87' lang='lat' dir='ltr'>subtilissima</span> <span class='ocrx_word' id='word_1_326' title='bbox 1006 2380 1223 2421; x_wconf 80' lang='lat' dir='ltr'>substantia</span> <span class='ocrx_word' id='word_1_327' title='bbox 1254 2379 1370 2421; x_wconf 79' lang='lat' dir='ltr'>creati</span> <span class='ocrx_word' id='word_1_328' title='bbox 1406 2380 1576 2431; x_wconf 89' lang='lat' dir='ltr'>pondere</span> 
     </span>
    </p>
   </div>
   <div class='ocr_carea' id='block_1_3' title="bbox 161 2471 443 2479">
    <p class='ocr_par' dir='ltr' id='par_1_5' title="bbox 161 2471 443 2479">
     <span class='ocr_line' id='line_1_38' title="bbox 161 2471 443 2479; baseline 0 451"><span class='ocrx_word' id='word_1_329' title='bbox 161 2471 443 2479; x_wconf 95' lang='lat' dir='ltr'> </span> 
     </span>
    </p>
   </div>
   <div class='ocr_carea' id='block_1_4' title="bbox 158 2525 1573 2730">
    <p class='ocr_par' dir='ltr' id='par_1_6' title="bbox 158 2525 1573 2730">
     <span class='ocr_line' id='line_1_39' title="bbox 279 2525 1573 2571; baseline 0.001 -11"><span class='ocrx_word' id='word_1_330' title='bbox 279 2525 296 2559; x_wconf 86' lang='lat'>1</span> <span class='ocrx_word' id='word_1_331' title='bbox 322 2533 410 2560; x_wconf 77' lang='lat' dir='ltr'>nam</span> <span class='ocrx_word' id='word_1_332' title='bbox 434 2527 581 2570; x_wconf 85' lang='lat' dir='ltr'>propter</span> <span class='ocrx_word' id='word_1_333' title='bbox 603 2535 656 2570; x_wconf 88' lang='lat' dir='ltr'>pr.</span> <span class='ocrx_word' id='word_1_334' title='bbox 674 2526 730 2570; x_wconf 67' lang='grc' dir='ltr'>ἢ»</span> <span class='ocrx_word' id='word_1_335' title='bbox 762 2545 808 2551; x_wconf 91' lang='lat'>—-</span> <span class='ocrx_word' id='word_1_336' title='bbox 841 2537 895 2571; x_wconf 90' lang='lat' dir='ltr'>pr.</span> <span class='ocrx_word' id='word_1_337' title='bbox 920 2526 1017 2571; x_wconf 89' lang='lat' dir='ltr'>quod</span> <span class='ocrx_word' id='word_1_338' title='bbox 1042 2537 1095 2571; x_wconf 86' lang='lat' dir='ltr'>pr.</span> <span class='ocrx_word' id='word_1_339' title='bbox 1123 2526 1218 2571; x_wconf 78' lang='lat' dir='ltr'>OPp.</span> <span class='ocrx_word' id='word_1_340' title='bbox 1257 2544 1293 2552; x_wconf 89' lang='lat'>—</span> <span class='ocrx_word' id='word_1_341' title='bbox 1332 2526 1355 2561; x_wconf 73' lang='lat'>2</span> <span class='ocrx_word' id='word_1_342' title='bbox 1379 2525 1573 2570; x_wconf 66' lang='grc' dir='ltr'>συνήρα-εὶ</span> 
     </span>
     <span class='ocr_line' id='line_1_40' title="bbox 158 2575 1570 2624; baseline 0.001 -12"><span class='ocrx_word' id='word_1_343' title='bbox 158 2575 207 2612; x_wconf 84' lang='lat' dir='ltr'>L.</span> <span class='ocrx_word' id='word_1_344' title='bbox 231 2595 277 2603; x_wconf 89' lang='lat'><strong>—</strong></span> <span class='ocrx_word' id='word_1_345' title='bbox 301 2576 324 2612; x_wconf 79' lang='lat'>3</span> <span class='ocrx_word' id='word_1_346' title='bbox 348 2577 497 2614; x_wconf 64' lang='lat' dir='ltr'>contet</span> <span class='ocrx_word' id='word_1_347' title='bbox 519 2578 610 2621; x_wconf 63' lang='lat' dir='ltr'>fehlt</span> <span class='ocrx_word' id='word_1_348' title='bbox 636 2579 770 2624; x_wconf 63' lang='lat' dir='ltr'><strong><em>OPPV.</em></strong></span> <span class='ocrx_word' id='word_1_349' title='bbox 795 2600 839 2606; x_wconf 87' lang='lat'>—</span> <span class='ocrx_word' id='word_1_350' title='bbox 865 2580 1085 2615; x_wconf 74' lang='lat' dir='ltr'>5eastr.dn&#39;e</span> <span class='ocrx_word' id='word_1_351' title='bbox 1109 2580 1195 2615; x_wconf 67' lang='lat' dir='ltr'>Hes.</span> <span class='ocrx_word' id='word_1_352' title='bbox 1219 2598 1266 2606; x_wconf 91' lang='lat'><em>-</em></span> <span class='ocrx_word' id='word_1_353' title='bbox 1290 2578 1501 2623; x_wconf 73' lang='lat' dir='ltr'>9tibire1ae</span> <span class='ocrx_word' id='word_1_354' title='bbox 1522 2578 1570 2615; x_wconf 82' lang='lat' dir='ltr'>L.</span> 
     </span>
     <span class='ocr_line' id='line_1_41' title="bbox 158 2629 1571 2678; baseline 0.002 -14"><span class='ocrx_word' id='word_1_355' title='bbox 158 2645 206 2654; x_wconf 91' lang='lat'>—</span> <span class='ocrx_word' id='word_1_356' title='bbox 232 2629 274 2664; x_wconf 85' lang='lat'>11</span> <span class='ocrx_word' id='word_1_357' title='bbox 299 2639 344 2665; x_wconf 79' lang='lat' dir='ltr'>ex</span> <span class='ocrx_word' id='word_1_358' title='bbox 365 2630 598 2676; x_wconf 83' lang='lat' dir='ltr'>preexistenti</span> <span class='ocrx_word' id='word_1_359' title='bbox 616 2631 659 2668; x_wconf 92' lang='grc' dir='ltr'>Ο.</span> <span class='ocrx_word' id='word_1_360' title='bbox 675 2651 722 2658; x_wconf 90' lang='grc'><strong>-</strong></span> <span class='ocrx_word' id='word_1_361' title='bbox 741 2633 847 2673; x_wconf 72' lang='grc' dir='ltr'>12ί13</span> <span class='ocrx_word' id='word_1_362' title='bbox 862 2635 906 2668; x_wconf 90' lang='lat' dir='ltr'>tr.</span> <span class='ocrx_word' id='word_1_363' title='bbox 922 2632 1042 2668; x_wconf 84' lang='lat' dir='ltr'>modis</span> <span class='ocrx_word' id='word_1_364' title='bbox 1056 2632 1092 2668; x_wconf 91' lang='lat' dir='ltr'>d.</span> <span class='ocrx_word' id='word_1_365' title='bbox 1112 2633 1244 2678; x_wconf 61' lang='lat' dir='ltr'>ospV.</span> <span class='ocrx_word' id='word_1_366' title='bbox 1261 2651 1308 2658; x_wconf 95' lang='lat'><strong>—</strong></span> <span class='ocrx_word' id='word_1_367' title='bbox 1324 2634 1362 2668; x_wconf 85' lang='lat' dir='ltr'>et</span> <span class='ocrx_word' id='word_1_368' title='bbox 1384 2631 1458 2671; x_wconf 81' lang='lat' dir='ltr'>mio</span> <span class='ocrx_word' id='word_1_369' title='bbox 1480 2630 1571 2675; x_wconf 68' lang='lat' dir='ltr'>fehlt</span> 
     </span>
     <span class='ocr_line' id='line_1_42' title="bbox 158 2681 1076 2730; baseline 0.005 -15"><span class='ocrx_word' id='word_1_370' title='bbox 158 2681 226 2726; x_wconf 74' lang='lat' dir='ltr'>Pp.</span> <span class='ocrx_word' id='word_1_371' title='bbox 249 2700 296 2706; x_wconf 94' lang='lat'>—</span> <span class='ocrx_word' id='word_1_372' title='bbox 323 2682 369 2717; x_wconf 77' lang='lat'>16</span> <span class='ocrx_word' id='word_1_373' title='bbox 391 2683 492 2719; x_wconf 78' lang='lat' dir='ltr'>deest</span> <span class='ocrx_word' id='word_1_374' title='bbox 521 2684 564 2719; x_wconf 78' lang='lat' dir='ltr'>V.</span> <span class='ocrx_word' id='word_1_375' title='bbox 590 2702 634 2710; x_wconf 91' lang='lat'>-—</span> <span class='ocrx_word' id='word_1_376' title='bbox 658 2685 702 2720; x_wconf 84' lang='lat'>31</span> <span class='ocrx_word' id='word_1_377' title='bbox 730 2685 840 2721; x_wconf 84' lang='lat' dir='ltr'>michi</span> <span class='ocrx_word' id='word_1_378' title='bbox 862 2685 954 2730; x_wconf 69' lang='lat' dir='ltr'>fehlt</span> <span class='ocrx_word' id='word_1_379' title='bbox 977 2685 1076 2730; x_wconf 50' lang='lat' dir='ltr'>LI).</span> 
     </span>
    </p>
   </div>
  </div>
 </body>
</html>
