1800 2930
818 141 1092 179 -74-

248 262 484 309 roganteque
512 261 554 296 ut
582 255 774 308 promissa
792 254 904 295 citius
924 254 1072 295 effectui
1093 254 1369 306 manciparem,
1398 252 1565 304 imposui
1594 252 1667 293 olei

249 316 460 357 sextarium
479 316 570 367 igni,
599 315 818 355 admiscens
847 315 882 354 ei
901 314 942 354 in
963 327 1106 366 magna
1124 313 1337 364 quantitate
1357 312 1512 359 calcem,
1532 312 1666 359 salem,

249 376 412 428 sulphur
440 381 477 415 et
504 374 829 426 auripigmentum
856 379 1059 424 ceteraque
1087 386 1162 424 que
1197 372 1396 412 nociuiora
1432 371 1552 411 oculis
1581 384 1667 411 esse

249 448 521 487 cognoueram,
534 435 753 485 factumque
767 433 905 473 exinde
919 433 1120 480 collirium,
1141 433 1196 472 uti
1210 445 1325 483 super
1338 432 1468 483 ignem
1482 432 1667 479 feruebat,

203 497 230 536 5
250 508 367 547 super
394 494 570 546 patientis
590 500 703 547 caput
722 506 770 533 ex
789 493 1002 544 improuiso
1030 491 1158 532 effudi.
1201 492 1292 531 Mox
1311 491 1373 531 ille
1400 490 1564 531 feruenti
1584 490 1667 530 oleo

250 559 350 595 totas
378 553 548 605 corporis
577 553 749 593 funditus
777 557 905 604 partes
925 552 1140 592 decoriatus
1165 552 1338 602 pelleque
1365 556 1446 591 tota
1473 555 1669 590 contracta

250 614 291 654 in
309 627 447 666 rugam
466 613 673 664 neruisque
691 612 903 664 rigentibus
931 612 1024 651 illud
1038 611 1230 651 tantillum
1249 610 1382 650 lumen
1404 610 1506 661 quod
1524 609 1669 649 habere

250 673 453 714 uidebatur
481 672 620 712 amisit.
677 672 835 711 Videres
865 684 957 722 ergo
992 683 1193 710 enormem
1222 675 1390 709 statuam
1426 669 1531 708 illam
1559 668 1671 719 quasi

251 733 448 784 quendam
475 731 719 784 epilenticum
748 744 815 783 per
844 730 1109 783 pauimentum
1139 729 1303 769 uolutari
1322 736 1359 769 et
1388 742 1493 768 nunc
1521 728 1670 779 rugitus

182 794 233 834 10
250 794 421 840 leonum,
450 805 555 831 nunc
574 797 774 831 taurorum
794 789 937 830 imitari
955 790 1138 841 mugitus,
1159 789 1398 828 horrendum
1418 787 1533 827 nimis
1552 787 1671 827 michi

251 852 311 892 sui
339 852 601 904 spectaculum
629 851 860 891 exibentem.
918 850 990 889 Diu
1018 855 1148 889 autem
1177 849 1372 888 uolutatus
1401 861 1489 887 cum
1518 849 1573 887 sic
1601 848 1670 886 do-

250 912 375 951 lorem
410 910 586 962 mitigare
622 923 702 950 non
740 914 885 961 posset,
928 909 1158 948 furibundus
1196 908 1347 947 clauam
1384 920 1497 947 suam
1535 906 1671 958 accipit

252 984 391 1022 meque
419 983 509 1010 cum
526 970 589 1010 illa
609 982 775 1021 querens
804 968 967 1020 parietes
995 968 1191 1008 interdum
1210 981 1255 1006 ac
1274 966 1542 1018 pauimentum
1561 965 1671 1016 quasi

253 1031 421 1082 quodam
449 1029 565 1069 ariete
594 1029 799 1080 quatiebat.
857 1028 934 1067 Sed
963 1041 1034 1079 ego
1062 1032 1156 1067 tunc
1185 1026 1276 1077 quid
1305 1039 1472 1077 agerem,
1510 1038 1585 1076 quo
1614 1025 1672 1064 fu-

184 1091 233 1130 15
252 1093 408 1141 gerem‘?
477 1089 617 1129 Clausa
658 1093 739 1128 erat
778 1087 950 1138 undique
991 1100 1104 1127 muro
1147 1086 1380 1126 solidissimo
1420 1086 1560 1125 domus
1601 1098 1673 1124 nec

253 1149 408 1189 aliunde
422 1148 497 1188 nisi
516 1162 583 1200 per
603 1148 744 1188 ostium
764 1149 919 1199 patebat
937 1147 1079 1195 exitus;
1096 1148 1163 1186 sed
1180 1151 1216 1186 et
1234 1146 1326 1185 illud
1346 1145 1522 1185 uectibus
1541 1145 1673 1184 ferreis

253 1213 425 1249 seratum
452 1213 544 1248 erat.
601 1207 701 1248 Cum
729 1220 820 1258 ergo
847 1207 908 1246 ille
937 1220 1004 1258 per
1032 1206 1196 1257 angulos
1215 1206 1355 1244 domus
1383 1217 1447 1244 me
1475 1204 1673 1255 querendo

253 1268 497 1316 discurreret,
525 1280 596 1319 ego
623 1268 782 1307 tandem
811 1267 914 1306 aliud
942 1279 1055 1317 agere
1083 1279 1164 1304 non
1193 1270 1331 1316 potens
1359 1265 1407 1304 ad
1435 1269 1580 1304 tectum
1606 1276 1674 1315 per

254 1327 399 1367 scalam
417 1327 573 1367 ascendi
592 1332 820 1378 arreptaque
839 1326 949 1365 trabe
969 1330 1081 1365 nocte
1100 1330 1138 1364 et
1156 1324 1217 1364 die
1237 1329 1315 1364 tota
1333 1323 1674 1363 manibus-herens

181 1390 237 1429 20
255 1387 420 1439 pependi
447 1387 642 1426 deorsum.
698 1386 843 1425 Verum
872 1398 960 1425 cum
988 1386 1064 1424 hoc
1092 1384 1234 1424 diutius
1262 1384 1360 1423 ferre
1394 1396 1475 1422 non
1504 1395 1674 1434 possem,

255 1452 411 1486 coactus
439 1459 527 1486 sum
553 1446 693 1485 iterum
721 1446 967 1493 descendere,
997 1450 1034 1484 et
1053 1445 1259 1495 aliquando
1287 1443 1387 1482 inter
1413 1442 1534 1494 ipsius
1562 1455 1676 1481 crura

255 1506 432 1558 gigantis,
481 1506 687 1556 aliquando
726 1505 829 1544 inter
868 1505 1002 1544 ouium
1039 1517 1200 1543 suarum
1242 1516 1397 1555 gregem
1424 1502 1673 1557 *occultaban

257 1565 435 1605 Habebat
463 1565 567 1605 enim
595 1564 701 1616 gigas
729 1565 791 1604 ille
827 1564 932 1604 mille
960 1565 1039 1604 fere
1067 1577 1174 1612 oues,
1209 1576 1305 1614 quas
1334 1575 1424 1602 cum
1451 1566 1676 1601 numeratas

257 1625 422 1673 cottidie,
459 1637 539 1664 una
566 1624 755 1676 pinguiori
786 1623 858 1663 sibi
894 1628 1055 1671 retenta,
1094 1624 1143 1662 ad
1172 1636 1315 1674 pascua
1352 1621 1571 1669 dimitteret,
1610 1632 1677 1660 eas

126 1717 130 1722 .
183 1687 238 1726 25
257 1689 389 1724 tamen
418 1683 549 1723 nescio
577 1697 654 1734 qua
681 1689 763 1723 arte
783 1683 847 1722 uel
874 1683 1070 1723 maleficiis
1097 1682 1313 1721 incantatas
1333 1693 1420 1721 sero
1448 1681 1496 1720 de
1522 1678 1677 1731 pascuis

258 1748 396 1795 sponte
424 1756 495 1782 sua
534 1747 771 1782 reuertentes
810 1742 960 1793 integro
989 1741 1194 1793 recipiebat
1231 1753 1407 1780 numero.
1463 1740 1546 1779 Has
1582 1740 1676 1778 dum

259 1802 412 1843 cottidie
429 1801 716 1842 innumerando
735 1803 936 1850 emitteret,
967 1814 1037 1852 ego
1056 1802 1221 1840 euadere
1246 1800 1406 1852 cupiens
1433 1800 1530 1851 pelle
1549 1797 1678 1838 arietis

259 1861 397 1902 uillosa
423 1875 486 1901 me
515 1861 760 1912 circumdedi,
798 1861 927 1913 aptaui
954 1860 1067 1912 capiti
1105 1873 1250 1900 cornua
1278 1860 1409 1910 sicque
1446 1858 1677 1898 exeuntibus

259 1935 322 1961 me
350 1921 498 1961 miscui.
554 1921 677 1961 Porro
705 1934 795 1960 cum
824 1921 897 1960 sub
917 1933 1079 1960 manum
1109 1919 1349 1959 numerantis
1377 1917 1587 1965 uenissem,
1616 1916 1679 1955 ille

186 1987 243 2026 30
260 1993 324 2020 me
352 1981 548 2032 palpatum
576 1985 618 2020 ut
646 1980 830 2032 pinguem
858 1980 1026 2020 retinuit.
1082 1980 1138 2019 De
1167 1984 1214 2027 te,
1243 1979 1437 2029 inquiens,
1465 1990 1536 2028 ego
1563 1975 1678 2016 hodie

260 2047 439 2081 uentrem
467 2039 654 2091 saginabo
682 2040 867 2079 ieiunum.
924 2039 988 2079 Sic
1016 2039 1155 2091 septies
1184 2039 1256 2078 sub
1285 2051 1447 2078 manum
1476 2036 1558 2076 eius
1587 2034 1679 2075 ueni

379 2165 401 2200 2
427 2163 521 2199 adm.
556 2173 729 2207 magnam
765 2162 1004 2207 quantitatem
1041 2160 1184 2206 alpheni
1219 2159 1360 2202 (calfeni
1388 2159 1426 2201 Ο,
1462 2158 1600 2194 amfore
1634 2158 1680 2199 V)

261 2219 375 2255 salem
391 2218 475 2262 oPp
486 2218 526 2254 V.
554 2237 599 2243 —
625 2217 647 2251 3
666 2217 795 2252 noeiua
817 2217 845 2251 0
871 2235 914 2240 —
940 2216 964 2250 4
980 2226 1154 2251 noueram
1174 2214 1276 2258 OpV.
1303 2233 1348 2239 —
1373 2214 1396 2247 ὃ
1413 2223 1457 2247 ex
1470 2212 1574 2257 impr.
1588 2211 1679 2255 fehlt

262 2273 306 2308 L.
326 2291 366 2296 —
386 2273 408 2306 6
433 2269 595 2306 funditus
611 2270 711 2305 Cani.
728 2270 806 2312 Eb„
832 2273 907 2304 tota
932 2281 961 2304 c.
980 2268 1157 2313 profunda
1184 2270 1283 2312 parte
1305 2267 1343 2308 Ο,
1368 2268 1461 2301 totas
1479 2277 1509 2300 c.
1534 2265 1679 2310 profun-

259 2325 373 2361 ditate
397 2335 431 2370 p.
456 2323 592 2369 LPpV.
619 2342 663 2348 -
694 2323 717 2358 8
743 2323 875 2358 Videns
898 2323 1006 2367 PpV;
1045 2321 1141 2356 Vidit
1165 2330 1303 2355 enorm.
1333 2320 1370 2355 Ο.
1396 2339 1442 2345 -
1468 2320 1490 2353 9
1514 2318 1679 2353 uolutare

262 2379 365 2424 PpV,
379 2377 530 2413 volitare
547 2377 585 2412 Ο.
599 2397 643 2403 -
659 2376 703 2411 10
715 2376 853 2420 rugitus
874 2376 967 2421 oPp.
983 2396 1027 2402 —
1044 2375 1086 2410 12
1104 2374 1244 2409 clauem
1262 2374 1304 2408 L.
1321 2391 1366 2398 —
1382 2373 1425 2407 15
1442 2383 1490 2407 m.
1504 2371 1679 2406 altissimo

266 2434 297 2468 O
322 2451 365 2458 —-
392 2442 458 2467 nec
482 2430 571 2465 alias
599 2430 680 2473 0V,
706 2435 774 2466 'nec
798 2430 889 2465 alius
910 2441 950 2475 p.
976 2448 1020 2454 —-
1056 2429 1098 2463 16
1122 2428 1237 2473 patuit
1265 2427 1367 2471 OpV.
1393 2444 1436 2451 -
1466 2425 1509 2460 18
1531 2424 1679 2459 tandem

269 2487 368 2522 Cone.
386 2486 464 2527 Eb„
480 2486 602 2519 autem
628 2484 685 2518 die
702 2485 788 2519 Has.
821 2503 858 2507 -—
886 2483 1013 2518 valens
1033 2483 1117 2526 OPp
1126 2482 1166 2518 V.
1193 2500 1236 2506 —
1266 2481 1308 2515 19
1326 2478 1525 2515 ascendens
1545 2479 1629 2523 OPp
1639 2479 1679 2513 V.

265 2560 311 2567 —-
324 2538 638 2575 mVemmmmen
656 2538 697 2572 V.
711 2556 750 2562 —
767 2538 812 2572 Ἠ
823 2548 873 2581 gr.
885 2536 1061 2572 accubare
1075 2536 1159 2580 opp
1169 2536 1207 2570 V.
1218 2555 1263 2561 -
1274 2535 1320 2569 23
1331 2534 1388 2569 ille
1396 2533 1487 2578 fehlt
1504 2533 1536 2567 L
1554 2551 1591 2557 —
1605 2532 1681 2566 fere

265 2594 355 2639 fehlt
383 2592 466 2637 opp
478 2591 519 2627 V.
533 2611 578 2617 —
591 2590 636 2625 27
651 2601 791 2627 numer.
809 2594 837 2626 0
848 2592 886 2632 V,
912 2590 950 2625 in
975 2600 1096 2625 enum.
1108 2590 1173 2633 Pp.
1188 2609 1233 2615 —
1246 2588 1292 2623 29
1303 2586 1529 2622 deuenissem
1543 2586 1626 2630 OPp
1637 2586 1681 2621 V.

267 2668 313 2676 —
325 2648 373 2683 30
389 2647 575 2694 palpatum
596 2644 696 2681 Geni.
710 2646 787 2688 Eb„
806 2646 949 2691 palpato
962 2645 1021 2679 die
1033 2645 1118 2679 Hes.
1134 2661 1178 2667 —
1192 2643 1234 2679 31
1251 2641 1395 2678 saciabo
1408 2640 1530 2685 sicque
1547 2640 1632 2684 OPp
1642 2638 1680 2676 V.
