1806 3022
779 170 1024 210 -3—

202 288 267 323 aut
296 284 390 324 dum
419 284 583 325 nimium
612 284 731 324 inflati
759 290 796 324 et
825 284 963 336 turgidi
992 290 1108 325 uento
1136 284 1262 336 potius
1291 298 1406 336 quam
1445 285 1606 326 sciencia

201 345 321 383 instar
349 343 475 384 uesice
503 344 688 396 crepitum
717 344 845 384 dantis
873 343 991 384 nichil
1020 344 1121 384 aliud
1149 357 1265 395 quam
1301 345 1418 385 uerba
1446 351 1607 385 uentosa

200 403 315 443 boatu
345 403 514 443 maximo
551 404 748 456 proferunt
782 410 818 444 et
847 409 925 443 tam
963 404 1028 443 diu
1062 403 1159 443 sicut
1196 403 1335 455 stipula
1368 404 1429 444 uel
1467 405 1607 445 nebula

199 462 321 502 estiua
349 468 466 502 uento
495 469 604 515 rapta
622 463 694 503 hac
723 463 884 513 illacque
904 475 971 514 per
998 463 1114 503 inane
1141 462 1240 502 aeris
1268 463 1454 512 seruntur,
1483 464 1606 503 donec

199 521 352 573 penitus
388 528 633 563 euanescant.
689 523 859 562 Fuerunt
887 522 1009 562 eciam
1045 522 1107 562 alii
1144 522 1471 573 philosophantes,
1510 536 1606 574 quos
1652 526 1676 563 5

200 581 335 621 melius
363 581 524 621 dixerim
553 581 771 630 delirantes,
814 581 877 632 qui
907 594 978 621 nec
1006 594 1143 621 uerum
1172 594 1242 620 nec
1282 581 1487 621 uerisimile
1515 582 1606 632 quid

198 639 368 680 dicentes
396 642 445 681 ad
472 646 621 681 tantam
649 641 771 681 eciam
791 640 996 681 stulticiam
1024 641 1276 688 deuenerunt,
1306 646 1347 680 ut
1376 641 1605 692 quibusdam

199 705 532 763 monstruosprum
551 701 767 741 fabularum
795 701 912 740 laruis
930 701 1090 752 repertis
1119 700 1290 739 diuersas
1310 706 1436 750 partes
1456 699 1606 750 sibique

198 764 456 810 repugnantes
484 760 718 811 coniungere
746 760 960 800 niterentur
987 759 1248 810 monstrisque
1275 759 1391 798 libros
1420 771 1511 798 suos
1548 772 1604 798 re-

199 818 344 868 plentes
366 824 657 859 monstruosam
675 820 937 870 larualemque
955 819 1135 871 paginam
1154 818 1377 858 hominibus
1397 819 1602 858 traderent.
1629 821 1675 859 10

195 876 346 916 Horum
362 883 490 918 tamen
505 878 679 918 omnium
694 879 820 919 studia
833 879 984 918 diuersa
1004 891 1187 929 magnam
1199 877 1400 917 utilitatem
1414 878 1604 927 sequenti·

195 936 267 976 bus
295 937 515 986 attulerunt,
544 938 645 989 quia,
673 938 766 977 dum
795 938 996 989 regionum
1024 938 1297 987 ciuitatumque
1325 936 1427 987 leges
1456 942 1493 975 et
1521 938 1603 976 iura

193 1003 511 1046 commemorant,
531 998 624 1037 dum
639 1011 848 1049 prauorum
867 998 1136 1047 bonorumque
1151 1009 1277 1036 mores
1297 1002 1334 1036 et
1346 1000 1454 1036 actus
1467 996 1603 1035 descri-

194 1054 290 1094 bunt
308 1055 527 1104 hominum,
547 1058 641 1097 dum
668 1057 730 1097 his
755 1057 965 1098 ridiculosis
985 1057 1123 1096 fabulis
1142 1056 1373 1103 detinentur,
1394 1060 1431 1094 et
1449 1055 1532 1095 uice
1550 1055 1602 1094 io·

194 1114 407 1155 culatorum
422 1116 594 1156 humane
608 1116 761 1157 miserie
774 1117 953 1157 solatium
964 1116 1197 1168 prebuerunt
1208 1120 1259 1163 et,
1280 1114 1370 1165 quid
1384 1114 1603 1165 eligendum
1626 1118 1673 1157 15

194 1173 334 1224 quidue
367 1177 628 1227 respuendum
657 1177 765 1224 foret,
794 1182 1035 1228 posterorum
1063 1174 1201 1214 iudicio
1229 1174 1476 1224 reliquerunt.
1523 1173 1602 1225 Ego

192 1238 323 1273 autem
336 1235 429 1274 dum
448 1240 624 1275 ueterum
639 1236 766 1276 recolo
780 1235 963 1283 studium,
984 1236 1077 1274 dum
1092 1247 1226 1274 eorum
1240 1233 1424 1274 ammiror
1435 1232 1601 1284 ingenia,

192 1292 391 1334 cuiusdam
418 1295 518 1346 regis
545 1300 664 1347 gesta,
700 1296 772 1335 sub
801 1308 879 1346 quo
905 1301 943 1335 et
971 1294 1030 1334 cui
1058 1294 1156 1334 mira
1183 1293 1437 1344 contigerunt,
1475 1293 1602 1332 subito

192 1352 232 1391 in
261 1353 487 1394 memoriam
507 1355 758 1395 deuenerunt.
796 1355 881 1403 Que
910 1354 1000 1405 quia
1027 1354 1153 1394 adhuc
1181 1351 1432 1404 scriptoribus
1460 1352 1601 1392 intacta

193 1411 253 1451 uel
282 1412 440 1453 forsitan
459 1413 656 1465 incognita
683 1414 975 1466 permanebant,
1005 1413 1148 1453 timens
1176 1425 1226 1452 ne
1253 1416 1361 1451 tanta
1388 1411 1485 1451 tanti
1501 1412 1600 1463 regis
1620 1414 1672 1452 ⁶20

192 1483 308 1522 opera
345 1472 529 1523 paulatim
563 1486 745 1514 successu
778 1474 961 1525 temporis
989 1487 1012 1513 a
1039 1472 1226 1513 memoria
1252 1471 1458 1511 hominum
1493 1472 1602 1511 omni

192 1543 281 1570 cum
309 1536 481 1584 tempore
506 1532 742 1582 laberentur,
770 1532 987 1586 presumpsi
1017 1545 1064 1573 ea
1100 1543 1337 1583 quamquam
1365 1530 1527 1582 elinguis
1564 1535 1601 1570 et

191 1590 331 1641 ydiota,
361 1604 597 1643 quamquam
617 1593 759 1633 nullius
778 1592 977 1645 discipline
995 1591 1203 1632 scienciam
1221 1595 1433 1639 assecutus,
1462 1589 1599 1629 saltem

191 1649 459 1702 qualicumque
499 1652 598 1692 stillo
639 1652 873 1701 describere,
911 1665 993 1692 non
1030 1656 1109 1692 tam
1155 1649 1356 1690 materiam
1393 1648 1599 1700 phaleratis

190 1709 398 1750 uerborum
433 1712 585 1763 pompis
622 1712 781 1764 cupiens
822 1712 993 1752 colorare
1040 1711 1100 1752 uel
1135 1715 1178 1750 ut
1214 1709 1344 1749 uerius
1381 1708 1599 1748 decolorare
1618 1710 1669 1749 25

190 1768 327 1817 dicam,
358 1782 474 1822 quam
501 1771 660 1812 materie
688 1771 903 1820 ueritatem,
931 1775 1046 1823 prout
1072 1783 1135 1810 res
1162 1775 1268 1821 geste
1295 1773 1398 1816 sunt,
1438 1767 1599 1818 simplici

189 1828 432 1880 pedestrique
459 1831 609 1871 calamo
642 1835 822 1882 satagens
851 1831 1054 1871 declarare.
1092 1829 1173 1869 Nec
1200 1834 1331 1868 tamen
1359 1826 1499 1867 idcirco
1517 1839 1598 1878 pre-

189 1889 421 1940 sumptionis
458 1903 526 1930 seu
560 1890 784 1930 temeritatis
821 1889 928 1941 argui
965 1903 1029 1930 me
1066 1889 1226 1940 dignum
1258 1887 1396 1935 iudico,
1430 1887 1465 1926 si
1500 1898 1599 1937 opus

188 1959 305 1998 supra
332 1948 435 1988 uires
462 1962 570 1989 meas
598 1955 760 1990 conatus
793 1962 880 1989 sum
912 1949 1078 2000 aggredi,
1107 1961 1196 1988 cum
1225 1959 1304 1986 non
1334 1945 1599 1986 ostentationis

189 2006 251 2046 uel
279 2007 407 2048 inanis
434 2009 553 2061 glorie
587 2022 704 2050 causa
730 2010 804 2049 hoc
832 2008 1154 2060 attemptauerim,
1183 2007 1251 2047 sed
1279 2006 1398 2046 solius
1426 2003 1598 2045 exercicii
1617 2006 1670 2044 30

187 2067 314 2116 gracia
342 2073 379 2107 et
406 2082 538 2109 amore
565 2073 773 2121 gestorum.
830 2069 1009 2109 Ceterum
1038 2081 1131 2120 rogo
1159 2072 1208 2115 te,
1238 2079 1261 2105 o
1285 2066 1415 2113 lector,
1443 2063 1476 2104 si
1508 2063 1599 2115 quid

187 2125 374 2166 incultum
412 2128 473 2168 uel
513 2129 643 2168 minus
687 2133 775 2180 apte
815 2127 984 2180 positum
1027 2125 1252 2179 reppereris,
1294 2125 1414 2164 dones
1442 2123 1597 2163 ueniam

189 2185 363 2237 sciasque
381 2199 445 2227 me
463 2200 544 2227 non
563 2188 730 2227 multum
748 2187 790 2227 in
809 2187 996 2227 Prisciani
1022 2186 1163 2238 regulis
1182 2185 1403 2231 desudasse,
1431 2182 1598 2222 necdum

187 2257 251 2284 me
278 2245 318 2285 in
346 2246 542 2298 florigeros
561 2246 798 2296 Quintilliani
818 2245 1009 2297 Tulliique
1028 2246 1173 2285 ortulos
1201 2243 1418 2283 recubasse.
1455 2241 1597 2281 Verum

189 2304 237 2343 de
262 2304 325 2345 his
351 2305 543 2346 hactenus
571 2306 666 2346 satis
694 2306 804 2346 dictis
832 2306 990 2346 ianuam
1017 2304 1174 2345 feliciter
1206 2301 1440 2343 narrationis
1467 2306 1597 2341 nostre
1616 2301 1667 2339 35

186 2363 394 2415 capiamus.

308 2467 322 2501 1
351 2466 425 2510 aut]
444 2468 494 2501 ut.
512 2485 557 2493 —
575 2466 597 2500 6
615 2466 811 2502 deluantes.
829 2486 874 2493 —
899 2466 945 2500 24
961 2475 1035 2501 non
1052 2464 1139 2508 tam]
1158 2467 1292 2499 notam.
1309 2482 1355 2487 —
1373 2462 1418 2498 33
1436 2460 1596 2507 cipriani.
