1800 2930
800 143 961 181 -·75
1022 164 1074 170 -

232 258 366 297 dentes
381 256 643 309 fringentium,
664 261 757 307 quot
776 261 976 308 serpentes
991 257 1163 308 bicipites
1183 262 1220 296 et
1239 255 1422 308 tricipites
1441 257 1650 296 aduersum

231 330 295 357 me
313 317 510 356 sibilantes
529 316 668 356 obuios
686 316 903 364 habuerim,
924 316 1148 356 meminisse
1168 316 1281 356 etiam
1302 315 1482 356 timorem
1500 315 1649 357 incutit.

231 377 375 416 Verum
403 389 493 416 cum
521 375 639 415 biduo
677 388 746 427 per
786 376 951 427 abrupta
978 376 1171 415 montium
1208 376 1444 426 ualliumque
1477 388 1650 416 concaua

229 436 330 476 inter
357 436 457 476 feras
485 441 524 476 et
551 440 749 487 serpentes
776 435 928 475 ieiunus
955 436 1158 486 lassusque
1186 449 1230 474 ac
1259 434 1415 474 timidus
1444 447 1649 484 errassem,

185 495 209 534 5
229 496 278 535 ad
290 495 435 536 montis
450 496 606 535 tandem
626 494 826 545 cuiusdam
841 508 1026 535 cacumen
1048 495 1128 534 sole
1143 496 1191 534 ad
1207 507 1413 546 uesperum
1432 493 1651 534 declinante

229 555 400 606 perueni.
442 554 489 594 Et
517 567 605 594 ecce
624 554 663 593 in
684 555 825 594 uallem
854 556 1049 605 quandam
1079 555 1328 594 tenebrosam
1346 553 1650 605 horribilemque

227 614 487 666 profunditate
516 627 588 653 sua
616 615 747 654 oculos
775 614 944 664 dirigens
963 613 1158 665 conspicio
1185 613 1340 665 alonge
1369 614 1519 652 fumum
1539 614 1650 664 quasi

229 675 277 714 de
304 674 455 714 clibano
493 678 804 724 consurgentem.
861 673 1011 713 Notans
1040 673 1153 724 igitur
1179 673 1311 712 locum
1340 673 1564 713 festinanter
1601 673 1649 712 de

228 738 363 774 monte
389 733 583 780 descendi,
612 738 649 772 et
667 746 756 772 ecce
775 733 824 772 ad
852 732 995 772 montis
1024 733 1170 772 radices
1190 737 1267 772 tres
1286 733 1455 772 latrones
1475 736 1651 772 recenter

160 793 210 832 10
227 806 440 845 suspensos
467 793 655 844 repperio.
710 792 856 832 Horrui
884 792 981 832 illico
1010 792 1130 831 nimio
1158 797 1304 831 terrore
1323 797 1521 843 correptus
1549 791 1648 842 cepi-

229 866 304 903 que
344 852 510 892 hesitare
539 857 574 891 et
613 853 817 902 desperare
846 853 893 891 de
921 852 1055 895 salute,
1091 857 1232 901 putans
1270 852 1373 902 quod
1411 851 1450 890 in
1489 851 1649 891 alicuius

228 911 392 963 gigantis
419 910 698 951 habitationem
735 910 968 950 incidissem.
1024 911 1174 950 Tamen
1211 923 1259 950 ex
1287 911 1515 950 necessitate
1534 911 1648 950 auda-

228 971 327 1011 ciam
360 984 533 1019 sumens,
562 984 652 1010 cum
681 969 795 1010 etiam
817 971 961 1010 tederet
979 983 1042 1009 me
1061 970 1205 1018 uiuere,
1234 974 1325 1010 ante
1343 983 1407 1010 me
1426 969 1652 1021 progredior

227 1030 463 1081 inuenioque
500 1030 790 1069 domumculam
832 1029 972 1069 ostium
1016 1035 1195 1081 apertum
1228 1030 1452 1077 habentem,
1494 1028 1534 1068 in
1573 1042 1649 1080 qua

160 1090 208 1129 15
228 1103 349 1130 unam
379 1095 509 1129 tamen
538 1103 627 1129 cum
656 1089 818 1141 paruulo
846 1089 1115 1129 mulierculam
1142 1090 1191 1129 ad
1219 1102 1367 1140 prunas
1395 1090 1528 1129 sedere
1556 1102 1647 1128 con-

229 1149 348 1201 spexi.
390 1149 496 1189 Intro
524 1154 654 1189 autem
675 1149 847 1197 domum,
877 1149 1018 1188 accedo
1037 1149 1087 1188 ad
1105 1161 1204 1196 eam,
1234 1148 1358 1188 saluto
1376 1148 1649 1199 interrogoque

229 1208 319 1259 quid
347 1208 399 1247 ibi
427 1208 510 1248 sola
543 1213 642 1259 agat,
681 1207 712 1246 si
750 1208 876 1247 uirum
904 1208 1047 1247 habeat
1075 1212 1315 1258 quantumue
1356 1207 1405 1246 ab
1442 1207 1647 1246 hominum

228 1267 467 1307 habitatione
495 1267 645 1307 distem.
703 1267 770 1306 llla
797 1280 891 1306 uero
911 1266 1065 1317 triginta
1092 1266 1248 1305 milibus
1277 1280 1300 1305 a
1321 1271 1421 1305 terra
1448 1266 1649 1305 habitabili

227 1340 291 1366 me
318 1332 511 1367 remotum
540 1339 625 1366 esse
645 1326 845 1365 affirmans
865 1325 1053 1365 subinfert
1072 1338 1162 1365 cum
1191 1325 1361 1365 lacrimis
1390 1338 1432 1364 se
1461 1338 1550 1365 cum
1570 1325 1647 1365 filio

155 1386 210 1426 20
228 1391 341 1426 nocte
369 1391 562 1426 transacta
581 1399 605 1425 a
623 1385 712 1425 sinu
732 1385 803 1425 uiri
832 1385 891 1424 sui
910 1385 959 1424 ab
979 1385 1033 1424 eis
1063 1398 1160 1435 quas
1180 1386 1316 1436 striges
1336 1390 1478 1424 uocant
1496 1389 1647 1436 raptam

227 1446 307 1485 fore
334 1446 578 1496 delatamque
605 1445 645 1484 in
672 1445 890 1493 heremum,
926 1444 1073 1484 iussam
1102 1444 1219 1484 etiam
1247 1449 1289 1484 ut
1318 1444 1438 1483 filium
1467 1449 1648 1495 coqueret

226 1509 456 1555 coctumque
483 1509 714 1556 proponeret
742 1517 828 1543 sero
857 1504 1039 1555 strigibus
1068 1505 1348 1544 deuorandum.
1404 1503 1467 1543 Ad
1485 1505 1558 1543 hec
1576 1516 1648 1554 ego

226 1577 343 1615 super
370 1563 539 1603 mulieris
581 1576 672 1603 casu
710 1568 839 1602 motus
876 1563 1139 1603 misericordia
1179 1563 1299 1602 filium
1337 1576 1427 1602 cum
1465 1563 1548 1614 ipsa
1583 1575 1649 1602 me

225 1623 477 1662 liberaturum
506 1622 701 1674 promitto,
730 1627 767 1662 et
786 1635 1023 1673 quamquam
1051 1621 1278 1662 lassitudine
1307 1622 1426 1661 nimia
1450 1621 1647 1673 nimiaque

154 1683 206 1723 25
225 1681 353 1722 inedia
393 1683 551 1722 affectus
587 1695 727 1730 essem,
769 1694 1007 1733 quamquam
1051 1682 1167 1722 etiam
1201 1683 1248 1722 de
1286 1695 1374 1722 mea
1401 1682 1647 1733 desperarem

226 1742 361 1794 salute,
400 1741 594 1781 recucurri
630 1746 762 1781 tamen
791 1742 839 1781 ad
878 1741 963 1781 illos
992 1746 1070 1781 tres
1098 1742 1268 1781 latrones
1309 1754 1406 1792 quos
1434 1741 1650 1792 pendentes

225 1800 454 1840 transieram
482 1800 776 1852 depositumque
805 1813 940 1840 eorum
968 1801 1140 1840 medium
1169 1800 1233 1850 qui
1262 1800 1537 1852 pinguissimus
1566 1805 1648 1840 erat

225 1860 333 1900 attuli
351 1860 515 1909 mulieri,
544 1873 710 1900 monens
730 1865 772 1899 ut
800 1860 878 1899 filio
906 1860 1022 1899 michi
1047 1860 1255 1900 commisso
1284 1866 1437 1899 coctum
1455 1861 1647 1899 latronem

224 1919 350 1959 lamiis
365 1925 588 1971 apponeret.
631 1919 830 1959 Concessit
845 1919 908 1959 illa
927 1919 1125 1970 filiumque
1142 1919 1260 1959 michi
1280 1920 1437 1959 tradens
1455 1919 1646 1958 latronem

154 1982 207 2021 30
227 1978 266 2018 in
308 1979 430 2018 frusta
470 1980 671 2019 concisum
712 1979 791 2030 igni
842 1979 1098 2030 superposuit.
1163 1979 1285 2018 Porro
1327 1991 1396 2029 ego
1439 1978 1645 2029 paruulum

225 2037 369 2089 optime
396 2038 437 2077 in
456 2051 628 2078 concauo
649 2039 894 2078 abscondens
920 2038 1024 2090 ligno
1044 2051 1108 2078 me
1127 2051 1246 2090 prope
1265 2039 1426 2078 domum
1446 2036 1645 2085 abscondi,

225 2098 362 2137 uolens
390 2102 428 2138 et
454 2103 630 2138 monstra
658 2099 751 2138 dum
780 2098 958 2138 uenirent
993 2098 1125 2138 uidere
1153 2103 1190 2138 et
1218 2097 1250 2137 si
1288 2111 1385 2149 opus
1422 2103 1523 2137 esset
1561 2109 1646 2136 suc·

346 2270 362 2305 1
391 2269 720 2315 constringencium
753 2271 795 2305 V.
820 2291 865 2297 —
900 2270 922 2305 2
955 2272 1130 2305 terrorem
1160 2269 1294 2314 OPpV.
1320 2289 1364 2294 —
1397 2269 1419 2304 3
1444 2271 1571 2313 apruta
1597 2268 1643 2304 L.

225 2343 270 2350 —-
297 2322 316 2358 7
342 2322 476 2368 aspicio
501 2325 566 2368 Pp.
594 2343 639 2348 —
667 2325 712 2359 10
736 2324 874 2359 Horum
905 2324 1029 2368 OPpV
1061 2343 1108 2348 —
1142 2323 1221 2367 cepi
1255 2323 1388 2367 OPpV.
1429 2341 1476 2347 —
1516 2322 1555 2356 11
1585 2321 1646 2356 du·

223 2375 338 2412 bitare
355 2379 390 2412 et
407 2377 482 2412 hes.
507 2377 544 2412 V.
565 2396 608 2403 —·
638 2377 742 2420 mstis
767 2377 851 2413 aud.
869 2376 962 2412 forte
980 2388 1009 2414 s.
1026 2377 1092 2422 Pp.
1112 2397 1156 2402 —
1178 2376 1222 2411 14
1246 2375 1431 2421 quandam
1457 2375 1554 2410 dom.
1572 2375 1643 2419 Pp;

223 2429 444 2466 domiculam
474 2431 512 2466 0.
540 2450 583 2456 —-
614 2431 656 2466 15
682 2431 871 2466 mulierem
900 2431 1033 2475 oPpV.
1057 2449 1105 2455 —
1132 2430 1176 2465 18
1201 2428 1331 2464 distem
1359 2429 1458 2464 Com'.
1486 2429 1564 2474 Ea,
1595 2427 1645 2462 di-

223 2486 357 2519 starem
394 2485 452 2519 die
480 2484 566 2519 Has.
606 2503 648 2509 —
676 2484 877 2520 miliaribus
909 2485 980 2520 OV
1000 2504 1045 2510 ——
1072 2483 1268 2519 habitaculi
1297 2483 1369 2518 LP.
1396 2502 1441 2509 —
1471 2482 1517 2517 22
1535 2492 1644 2527 appo·

223 2540 327 2573 neret
366 2538 500 2582 OPpV.
537 2559 581 2564 —
618 2538 664 2572 25
689 2538 837 2573 effectus
874 2538 917 2579 L,
952 2537 1103 2573 afflictus
1140 2538 1184 2572 L.
1222 2556 1267 2563 —
1306 2537 1351 2571 26
1375 2536 1510 2571 recurri
1548 2535 1642 2580 Osp.

224 2611 270 2617 —
295 2591 341 2626 ad
375 2591 495 2627 locum
533 2592 579 2627 ad
616 2591 696 2626 illos
732 2596 805 2627 tres
842 2591 866 2627 l.
893 2592 970 2627 ΟΥ.
1010 2609 1052 2616 -
1091 2591 1135 2625 27
1162 2601 1235 2626 eor.
1261 2600 1374 2625 vnum
1411 2589 1545 2625 scilicet
1581 2589 1643 2634 qui

227 2644 359 2689 OPpV.
394 2664 440 2672 —
471 2644 517 2680 29
541 2644 653 2680 laruis
683 2656 765 2691 app.
795 2645 879 2690 oPp
914 2665 959 2671 —
995 2643 1228 2680 Concesserat
1256 2655 1295 2689 p,
1330 2643 1568 2679 Consenserat
1602 2643 1643 2677 P.
