1800 2930
774 135 1049 173 -44—

203 250 474 301 peruenissent
503 250 552 290 ad
580 250 724 298 locum,
753 263 821 290 rex
856 250 1010 301 propria
1037 264 1157 290 manu
1191 250 1322 302 ignem
1349 250 1463 302 lignis
1485 263 1623 302 suppo-

203 308 289 348 suit.
328 309 403 358 Qui
432 309 562 349 statim
590 322 729 361 uepres
757 309 842 349 illas
870 310 1075 361 paleasque
1103 323 1148 350 ac
1166 310 1271 361 ligna
1298 310 1464 349 humore
1492 323 1623 349 caren-

203 367 255 407 tia
282 367 475 408 inuadens
502 369 577 408 hac
611 369 775 419 illacque
810 369 1018 409 lambendo
1055 370 1210 421 singula
1246 382 1397 420 queque
1433 368 1624 409 discurrit.

203 427 410 479 Consurgit
455 428 496 468 in
538 428 659 468 altum
701 429 871 478 flamma,
924 429 1053 468 fumus
1099 429 1227 480 ipsum
1262 429 1443 468 obscurat
1480 441 1622 477 aerem,

158 485 182 523 5
201 487 395 527 horribilis
432 488 614 528 omnibus
651 489 832 540 prebetur
868 493 1057 539 aspectus.
1116 489 1281 540 Precipit
1318 502 1386 528 rex
1425 488 1546 527 filium
1582 488 1622 527 in

201 548 380 587 flammas
408 547 540 599 proici,
579 545 649 588 sed
681 549 811 587 nullus
848 549 896 587 de
923 553 1031 587 tanto
1069 549 1210 600 populo
1247 553 1421 599 repertus
1460 552 1518 587 est
1558 547 1624 598 qui

200 620 364 647 manum
392 607 432 647 in
461 607 570 647 illurn
599 609 756 647 auderet
784 607 953 655 mittere3
997 621 1135 647 omnes
1164 607 1268 647 enim
1297 608 1371 646 tale
1399 612 1623 659 preceptum

201 667 464 707 crudelitatem
493 667 615 718 magis
644 681 761 718 quam
790 667 980 706 iusticiam
1009 667 1291 707 existimabant.
1349 668 1425 706 Sed
1455 671 1624 717 quantus

200 731 294 766 tunc
312 727 420 766 dolor
440 732 600 778 paterna
619 727 801 778 carpebat
822 727 982 775 uiscera,
1003 739 1093 766 cum
1112 727 1186 766 hoc
1206 725 1431 778 preciperet,
1453 731 1622 776 quantus

132 782 182 822 10
200 785 322 825 eciam
349 799 479 825 meror
516 786 729 825 amicorum
765 785 931 833 animos,
973 799 1063 825 cum
1098 787 1172 825 hoc
1207 786 1395 833 audirent,
1433 785 1621 825 laniabat!

199 845 411 885 Mirabatur
439 845 605 896 populus
634 850 782 884 tantam
812 858 943 884 rerum
972 844 1240 892 mutationem,
1278 846 1444 896 pauebat
1473 858 1620 892 casum,

199 905 378 956 stupebat
414 909 521 944 tante
565 904 683 955 glorie
720 909 871 943 tantam
905 904 1103 944 miseriam
1133 904 1365 948 successisse
1393 904 1623 954 dolebatque

198 963 322 1014 perire
351 977 466 1014 quem
495 977 613 1015 super
640 976 681 1003 se
710 969 913 1015 putauerat
941 968 1208 1015 regnaturum.

229 1021 319 1062 'lum
359 1022 472 1074 igitur
507 1023 668 1063 instaret
706 1036 774 1062 rex
810 1023 978 1062 iubendo
1008 1036 1221 1074 omnesque
1254 1023 1468 1062 iussionem
1509 1023 1621 1062 decli-

129 1080 178 1119 15
223 1071 249 1111 J
285 1087 436 1130 narent,
484 1095 571 1122 ecce
628 1095 748 1122 senex
802 1082 1004 1122 reuerendi
1051 1084 1182 1122 uultus
1225 1082 1447 1133 prolixeque
1500 1083 1622 1122 barbe

198 1147 236 1180 et
277 1140 364 1181 cani
406 1141 552 1193 capitis,
591 1155 746 1196 ramum
775 1142 874 1182 oliue
902 1141 943 1181 in
977 1142 1132 1193 signum
1173 1142 1276 1194 pacis
1314 1155 1434 1181 manu
1463 1143 1620 1181 dextera

196 1201 346 1249 ferens,
393 1202 500 1241 mula
534 1202 696 1241 candida
745 1207 879 1241 uectus
917 1203 965 1241 ad
1008 1215 1138 1252 regem
1179 1215 1303 1252 usque
1356 1202 1506 1253 populis
1548 1201 1620 1240 sibi

195 1259 268 1300 iter
311 1261 562 1312 prebentibus
608 1261 796 1312 peruenit.
877 1261 956 1309 Qui
1010 1261 1191 1300 desiliens
1244 1262 1291 1300 de
1337 1262 1443 1300 mula
1488 1274 1619 1312 regem

195 1332 411 1370 omnesque
460 1320 524 1371 qui
571 1322 732 1360 aderant
778 1326 1001 1360 reuerenter
1030 1321 1181 1360 salutat.
1256 1321 1478 1360 Resalutato
1516 1333 1561 1359 eo
1596 1334 1619 1360 a

124 1376 178 1415 20
195 1392 286 1430 rege
332 1384 375 1419 ut
419 1380 590 1426 decebat,
641 1380 766 1431 querit
807 1394 875 1419 rex
916 1380 1079 1431 patriam
1121 1385 1353 1431 gentemque
1405 1385 1442 1420 et
1482 1393 1619 1420 casum

197 1439 402 1487 aduentus,
431 1440 535 1479 unde
563 1439 693 1479 ueniat
723 1445 759 1479 et
780 1453 856 1490 quo
875 1441 1002 1479 uadat.
1033 1439 1084 1479 At
1112 1440 1191 1479 ille:
1221 1439 1314 1491 Ego,
1335 1439 1397 1485 ait,
1420 1453 1443 1479 o
1471 1452 1552 1487 retr,
1581 1445 1618 1479 et

195 1503 309 1549 gen-te
337 1504 375 1538 et
401 1498 559 1538 natione
587 1499 789 1538 Romanus
810 1513 898 1538 sum
927 1513 1107 1550 unusque
1126 1500 1174 1539 de
1203 1504 1350 1550 septem
1380 1499 1619 1550 sapientibus

196 1557 312 1598 dicor.
369 1558 436 1597 Est
472 1563 602 1598 autem
630 1572 716 1598 mos
751 1557 869 1598 michi
910 1558 1069 1598 circuire
1106 1560 1241 1598 orbem
1270 1564 1307 1598 et
1349 1558 1618 1610 perambulare

196 1622 330 1665 terras,
360 1618 490 1666 urbes,
520 1618 675 1658 castella
702 1617 887 1668 uicosque
915 1619 1161 1670 pertransire,
1192 1618 1298 1658 adire
1326 1618 1452 1658 curias
1481 1631 1618 1669 regum

123 1673 174 1712 25
194 1675 460 1728 nobiliumque
479 1690 678 1728 personas,
708 1677 846 1717 iudicia
865 1679 1116 1729 exemplaque
1137 1691 1181 1717 ac
1200 1691 1338 1717 causas
1367 1678 1615 1728 antiquorum

193 1737 243 1776 ad
271 1736 452 1776 uiuorum
482 1737 663 1777 noticiam
693 1738 940 1788 proferendo;
970 1737 1134 1777 libenter
1154 1739 1255 1787 quod
1286 1739 1418 1777 nescio
1446 1737 1551 1776 disco
1579 1742 1616 1776 et

193 1796 312 1836 doceo
346 1797 448 1846 quod
488 1796 611 1836 didici.
668 1797 906 1848 Dolopathos
944 1797 1162 1848 respondit:
1211 1797 1269 1836 En
1308 1810 1415 1836 nunc
1455 1796 1615 1836 consilio

192 1855 310 1895 michi
339 1860 376 1895 et
410 1856 551 1895 auxilio
589 1869 687 1907 opus
716 1861 821 1896 esset
850 1856 1081 1908 sapientum,
1122 1856 1210 1907 quia
1251 1856 1365 1895 hodie
1404 1857 1616 1907 prudentes

192 1914 232 1953 in
267 1927 388 1965 regno
417 1914 543 1954 Sicilie
572 1915 754 1955 defecere.
811 1915 862 1955 At
890 1917 1069 1967 sapiens:
1099 1915 1256 1962 Vellem,
1295 1915 1358 1962 ait,
1398 1915 1471 1954 nisi
1500 1915 1614 1954 maie-

121 1969 175 2008 30
193 1974 281 2013 stati
315 1979 380 2013 tue
407 1974 644 2014 contrarium
674 1974 880 2022 uideretur,
918 1980 962 2014 ut
989 1975 1075 2026 quis
1104 1974 1175 2014 iste
1204 1975 1386 2026 elegantis
1416 1975 1537 2014 forme
1566 1974 1614 2014 sit

191 2034 428 2082 adolescens,
458 2034 600 2085 quidue
628 2034 858 2086 peccauerit,
889 2039 926 2075 et
954 2035 1046 2086 quid
1066 2039 1215 2074 tantum
1246 2034 1471 2074 incendium
1499 2034 1615 2085 signi-

191 2093 277 2132 ficet
319 2094 511 2134 edoceres.
583 2094 668 2133 Rex
710 2107 802 2134 uero
844 2094 1027 2134 iuuenem
1063 2094 1184 2134 filium
1221 2094 1294 2134 sibi
1337 2094 1496 2133 unicum
1533 2094 1615 2134 fore

190 2157 352 2192 testatur
380 2159 660 2204 enumeratque
700 2155 894 2204 quomodo
928 2159 1060 2194 mutus
1089 2155 1245 2193 effectus
1285 2153 1346 2199 sit,
1384 2167 1461 2205 qua
1488 2153 1615 2193 inten-

191 2211 295 2251 tione
324 2212 456 2263 regine
484 2213 731 2261 commissus,
760 2214 864 2253 unde
892 2219 929 2253 et
957 2227 981 2253 a
1009 2213 1151 2264 quibus
1189 2218 1391 2253 accusatus
1420 2226 1615 2263 quamque

312 2312 354 2346 12
379 2314 480 2347 tante
503 2312 595 2356 fehlt
622 2313 755 2358 OPpV.
781 2331 826 2337 —
856 2314 899 2349 15
925 2313 1119 2348 venerandi
1148 2314 1279 2359 OPpV.
1309 2333 1348 2340 -
1380 2314 1421 2348 17
1446 2313 1614 2349 deferens

193 2365 331 2410 oPpV;
358 2366 541 2410 preferens
567 2367 640 2400 will
659 2368 709 2401 St.
737 2385 781 2392 —-
808 2368 855 2402 20
878 2377 940 2403 rex
957 2368 1048 2410 fehlt
1077 2368 1160 2412 OPp
1171 2368 1211 2402 V.
1240 2386 1285 2392 —
1314 2367 1356 2402 21
1373 2370 1436 2402 aut
1460 2378 1533 2412 quo
1554 2368 1619 2402 ΟΡ

194 2437 229 2443 -
263 2418 354 2462 Ergo
381 2418 432 2454 ait
461 2420 529 2454 ΟΡ.
548 2439 593 2446 -
611 2421 657 2454 22
683 2431 765 2456 sum
789 2421 880 2465 fehlt
905 2421 970 2455 LO
986 2440 1026 2446 —
1049 2431 1144 2456 unus
1170 2422 1244 2455 LV
1267 2441 1306 2447 —
1334 2431 1369 2456 u.
1384 2431 1411 2456 s.
1426 2421 1610 2455 seniorum

188 2471 394 2517 sapientum
419 2472 453 2507 d.
483 2473 521 2507 O.
546 2492 594 2498 —
618 2474 664 2508 25
690 2484 731 2509 ac
757 2486 786 2509 c.
813 2475 902 2518 fehlt
930 2475 1011 2510 OV.
1047 2495 1092 2501 —
1128 2475 1173 2509 26
1199 2474 1244 2509 ad
1279 2485 1314 2509 u.
1341 2474 1547 2509 vniversam
1574 2485 1609 2509 n.

188 2526 224 2560 P
252 2545 291 2551 —
318 2525 446 2571 perfer.
473 2527 572 2571 PpV
598 2547 640 2553 -
667 2538 737 2572 que
772 2528 893 2563 nescio
923 2529 1051 2572 uPpV
1073 2546 1119 2552 —
1137 2527 1181 2563 27
1209 2538 1279 2572 que
1303 2527 1375 2563 did.
1405 2528 1537 2572 OPpV.
1565 2546 1609 2552 —

188 2578 236 2614 28
261 2589 352 2624 opus
389 2582 444 2614 est
480 2581 555 2615 will
580 2581 645 2615 Eb.
678 2602 724 2608 —
757 2582 802 2616 29
828 2581 1036 2617 defecerunt
1065 2582 1146 2618 oV.
1174 2600 1217 2607 —
1244 2581 1474 2616 32ediceres
1500 2582 1532 2616 L
1563 2602 1607 2608 —

187 2631 263 2668 iuu.
289 2633 379 2675 fehlt
407 2633 492 2677 01³1»
504 2634 544 2670 V.
