<?xml version="1.0" encoding="UTF-8"?>
<!DOCTYPE html PUBLIC "-//W3C//DTD XHTML 1.0 Transitional//EN"
    "http://www.w3.org/TR/xhtml1/DTD/xhtml1-transitional.dtd">
<html xmlns="http://www.w3.org/1999/xhtml" xml:lang="en" lang="en">
 <head>
  <title>
</title>
<meta http-equiv="Content-Type" content="text/html;charset=utf-8" />
  <meta name='ocr-system' content='tesseract 3.04.00' />
  <meta name='ocr-capabilities' content='ocr_page ocr_carea ocr_par ocr_line ocrx_word'/>
</head>
<body>
  <div class='ocr_page' id='page_1' title='image "./historiaseptemsa02hilkuoft_0053.png"; bbox 0 0 1800 2930; ppageno 0'>
   <div class='ocr_carea' id='block_1_1' title="bbox 712 196 987 235">
    <p class='ocr_par' dir='ltr' id='par_1_1' title="bbox 712 196 987 235">
     <span class='ocr_line' id='line_1_1' title="bbox 712 196 987 235; baseline -0.004 -10"><span class='ocrx_word' id='word_1_1' title='bbox 712 196 987 235; x_wconf 59' lang='lat'>-35-</span> 
     </span>
    </p>
   </div>
   <div class='ocr_carea' id='block_1_2' title="bbox 135 303 1638 2198">
    <p class='ocr_par' dir='ltr' id='par_1_2' title="bbox 135 303 1638 2198">
     <span class='ocr_line' id='line_1_2' title="bbox 143 303 1561 358; baseline 0.002 -15"><span class='ocrx_word' id='word_1_2' title='bbox 143 304 230 350; x_wconf 90' lang='lat' dir='ltr'>bus,</span> <span class='ocrx_word' id='word_1_3' title='bbox 264 305 471 356; x_wconf 77' lang='lat' dir='ltr'>unguentis</span> <span class='ocrx_word' id='word_1_4' title='bbox 506 303 623 344; x_wconf 89' lang='lat' dir='ltr'>uariis</span> <span class='ocrx_word' id='word_1_5' title='bbox 658 303 838 353; x_wconf 88' lang='lat' dir='ltr'>delibute,</span> <span class='ocrx_word' id='word_1_6' title='bbox 883 305 1023 345; x_wconf 82' lang='lat' dir='ltr'><strong>amicte</strong></span> <span class='ocrx_word' id='word_1_7' title='bbox 1059 305 1270 357; x_wconf 85' lang='lat' dir='ltr'><strong>splendidis</strong></span> <span class='ocrx_word' id='word_1_8' title='bbox 1302 306 1561 358; x_wconf 74' lang='lat' dir='ltr'>preciosis&lt;me</span> 
     </span>
     <span class='ocr_line' id='line_1_3' title="bbox 144 363 1562 416; baseline 0.001 -13"><span class='ocrx_word' id='word_1_9' title='bbox 144 363 317 403; x_wconf 88' lang='lat' dir='ltr'>uestibus</span> <span class='ocrx_word' id='word_1_10' title='bbox 343 363 516 410; x_wconf 87' lang='lat' dir='ltr'>Lucinio,</span> <span class='ocrx_word' id='word_1_11' title='bbox 553 369 595 403; x_wconf 91' lang='lat' dir='ltr'>ut</span> <span class='ocrx_word' id='word_1_12' title='bbox 622 369 845 416; x_wconf 73' lang='lat' dir='ltr'>preceperat</span> <span class='ocrx_word' id='word_1_13' title='bbox 881 364 1025 416; x_wconf 79' lang='lat' dir='ltr'>regina,</span> <span class='ocrx_word' id='word_1_14' title='bbox 1062 364 1306 412; x_wconf 78' lang='lat' dir='ltr'>assistebant,</span> <span class='ocrx_word' id='word_1_15' title='bbox 1339 365 1562 405; x_wconf 84' lang='lat' dir='ltr'>assidebant</span> 
     </span>
     <span class='ocr_line' id='line_1_4' title="bbox 144 422 1560 475; baseline 0.001 -13"><span class='ocrx_word' id='word_1_16' title='bbox 144 422 503 474; x_wconf 86' lang='lat' dir='ltr'>ministrabantque.</span> <span class='ocrx_word' id='word_1_17' title='bbox 558 423 609 462; x_wconf 86' lang='lat' dir='ltr'>Et</span> <span class='ocrx_word' id='word_1_18' title='bbox 652 435 758 462; x_wconf 91' lang='lat' dir='ltr'>nunc</span> <span class='ocrx_word' id='word_1_19' title='bbox 793 423 948 474; x_wconf 81' lang='lat' dir='ltr'>quidem</span> <span class='ocrx_word' id='word_1_20' title='bbox 987 423 1093 463; x_wconf 90' lang='lat' dir='ltr'>illum</span> <span class='ocrx_word' id='word_1_21' title='bbox 1130 423 1231 464; x_wconf 91' lang='lat' dir='ltr'>dulci</span> <span class='ocrx_word' id='word_1_22' title='bbox 1267 424 1423 475; x_wconf 79' lang='lat' dir='ltr'>cythare</span> <span class='ocrx_word' id='word_1_23' title='bbox 1450 438 1560 473; x_wconf 90' lang='lat' dir='ltr'>sono,</span> 
     </span>
     <span class='ocr_line' id='line_1_5' title="bbox 145 481 1559 530; baseline 0.001 -9"><span class='ocrx_word' id='word_1_24' title='bbox 145 495 251 521; x_wconf 91' lang='lat' dir='ltr'>nunc</span> <span class='ocrx_word' id='word_1_25' title='bbox 278 481 444 522; x_wconf 91' lang='lat' dir='ltr'>modulis</span> <span class='ocrx_word' id='word_1_26' title='bbox 473 494 627 529; x_wconf 87' lang='lat' dir='ltr'>uocum,</span> <span class='ocrx_word' id='word_1_27' title='bbox 665 494 771 522; x_wconf 90' lang='lat' dir='ltr'>nunc</span> <span class='ocrx_word' id='word_1_28' title='bbox 799 482 996 522; x_wconf 86' lang='lat' dir='ltr'>amatoriis</span> <span class='ocrx_word' id='word_1_29' title='bbox 1034 482 1176 530; x_wconf 87' lang='lat' dir='ltr'>uerbis,</span> <span class='ocrx_word' id='word_1_30' title='bbox 1210 496 1316 523; x_wconf 89' lang='lat' dir='ltr'>nunc</span> <span class='ocrx_word' id='word_1_31' title='bbox 1356 497 1451 523; x_wconf 90' lang='lat' dir='ltr'>uero</span> <span class='ocrx_word' id='word_1_32' title='bbox 1477 498 1559 523; x_wconf 90' lang='lat' dir='ltr'>am·</span> 
     </span>
     <span class='ocr_line' id='line_1_6' title="bbox 144 540 1633 593; baseline 0.002 -13"><span class='ocrx_word' id='word_1_33' title='bbox 144 541 332 593; x_wconf 84' lang='lat' dir='ltr'>plexibus,</span> <span class='ocrx_word' id='word_1_34' title='bbox 362 540 645 589; x_wconf 56' lang='lat' dir='ltr'>nuncJuauiis,</span> <span class='ocrx_word' id='word_1_35' title='bbox 674 554 780 580; x_wconf 90' lang='lat' dir='ltr'>nunc</span> <span class='ocrx_word' id='word_1_36' title='bbox 807 540 923 580; x_wconf 87' lang='lat' dir='ltr'>etiam</span> <span class='ocrx_word' id='word_1_37' title='bbox 943 541 1225 593; x_wconf 86' lang='lat' dir='ltr'>impudicarum</span> <span class='ocrx_word' id='word_1_38' title='bbox 1254 555 1442 582; x_wconf 90' lang='lat' dir='ltr'>manuum</span> <span class='ocrx_word' id='word_1_39' title='bbox 1461 543 1562 583; x_wconf 88' lang='lat' dir='ltr'>circa</span> <span class='ocrx_word' id='word_1_40' title='bbox 1607 550 1633 588; x_wconf 85' lang='lat'>5</span> 
     </span>
     <span class='ocr_line' id='line_1_7' title="bbox 144 600 1560 652; baseline 0.001 -12"><span class='ocrx_word' id='word_1_41' title='bbox 144 601 227 640; x_wconf 86' lang='lat' dir='ltr'>loca</span> <span class='ocrx_word' id='word_1_42' title='bbox 246 601 425 652; x_wconf 86' lang='lat' dir='ltr'>pudenda</span> <span class='ocrx_word' id='word_1_43' title='bbox 444 600 648 640; x_wconf 78' lang='lat' dir='ltr'>attactibus</span> <span class='ocrx_word' id='word_1_44' title='bbox 667 601 716 640; x_wconf 88' lang='lat' dir='ltr'>ad</span> <span class='ocrx_word' id='word_1_45' title='bbox 736 600 902 640; x_wconf 88' lang='lat' dir='ltr'>leticiam</span> <span class='ocrx_word' id='word_1_46' title='bbox 922 601 1133 651; x_wconf 87' lang='lat' dir='ltr'>ludumque</span> <span class='ocrx_word' id='word_1_47' title='bbox 1152 601 1314 641; x_wconf 85' lang='lat' dir='ltr'>Ueneris</span> <span class='ocrx_word' id='word_1_48' title='bbox 1332 601 1560 643; x_wconf 81' lang='lat' dir='ltr'>incitabant:</span> 
     </span>
     <span class='ocr_line' id='line_1_8' title="bbox 143 659 1563 707; baseline 0.001 -8"><span class='ocrx_word' id='word_1_49' title='bbox 143 660 219 699; x_wconf 90' lang='lat' dir='ltr'>hoc</span> <span class='ocrx_word' id='word_1_50' title='bbox 247 659 458 700; x_wconf 88' lang='lat' dir='ltr'>monebant</span> <span class='ocrx_word' id='word_1_51' title='bbox 485 659 599 707; x_wconf 87' lang='lat' dir='ltr'>uiole‚</span> <span class='ocrx_word' id='word_1_52' title='bbox 628 660 704 698; x_wconf 90' lang='lat' dir='ltr'>hoc</span> <span class='ocrx_word' id='word_1_53' title='bbox 732 672 833 706; x_wconf 89' lang='lat' dir='ltr'>rose,</span> <span class='ocrx_word' id='word_1_54' title='bbox 872 660 947 699; x_wconf 88' lang='lat' dir='ltr'>hoc</span> <span class='ocrx_word' id='word_1_55' title='bbox 974 660 1063 706; x_wconf 83' lang='lat' dir='ltr'>lilia,</span> <span class='ocrx_word' id='word_1_56' title='bbox 1102 660 1176 699; x_wconf 84' lang='lat' dir='ltr'>hoc</span> <span class='ocrx_word' id='word_1_57' title='bbox 1211 660 1372 700; x_wconf 85' lang='lat' dir='ltr'>lectulus</span> <span class='ocrx_word' id='word_1_58' title='bbox 1405 662 1563 701; x_wconf 81' lang='lat' dir='ltr'>floridus</span> 
     </span>
     <span class='ocr_line' id='line_1_9' title="bbox 143 718 1563 771; baseline 0.001 -13"><span class='ocrx_word' id='word_1_59' title='bbox 143 719 357 771; x_wconf 83' lang='lat' dir='ltr'>expetebat.</span> <span class='ocrx_word' id='word_1_60' title='bbox 412 718 561 770; x_wconf 86' lang='lat' dir='ltr'>Regina</span> <span class='ocrx_word' id='word_1_61' title='bbox 588 730 743 769; x_wconf 85' lang='lat' dir='ltr'>quoque</span> <span class='ocrx_word' id='word_1_62' title='bbox 770 718 855 770; x_wconf 87' lang='lat' dir='ltr'>ipsa</span> <span class='ocrx_word' id='word_1_63' title='bbox 882 731 978 758; x_wconf 88' lang='lat' dir='ltr'>auro</span> <span class='ocrx_word' id='word_1_64' title='bbox 1006 719 1247 770; x_wconf 86' lang='lat' dir='ltr'>gemmisque</span> <span class='ocrx_word' id='word_1_65' title='bbox 1284 725 1382 759; x_wconf 88' lang='lat' dir='ltr'>tecta</span> <span class='ocrx_word' id='word_1_66' title='bbox 1410 720 1444 759; x_wconf 89' lang='lat' dir='ltr'>ei</span> <span class='ocrx_word' id='word_1_67' title='bbox 1470 721 1563 760; x_wconf 89' lang='lat' dir='ltr'>assi-</span> 
     </span>
     <span class='ocr_line' id='line_1_10' title="bbox 143 777 1562 829; baseline 0.001 -11"><span class='ocrx_word' id='word_1_68' title='bbox 143 779 241 818; x_wconf 91' lang='lat' dir='ltr'>dens</span> <span class='ocrx_word' id='word_1_69' title='bbox 280 778 328 818; x_wconf 86' lang='lat' dir='ltr'>ad</span> <span class='ocrx_word' id='word_1_70' title='bbox 373 777 688 828; x_wconf 83' lang='lat' dir='ltr'>uirguncularum</span> <span class='ocrx_word' id='word_1_71' title='bbox 736 778 890 829; x_wconf 88' lang='lat' dir='ltr'>nuptias</span> <span class='ocrx_word' id='word_1_72' title='bbox 933 779 1143 825; x_wconf 66' lang='lat' dir='ltr'>ortabantur,</span> <span class='ocrx_word' id='word_1_73' title='bbox 1186 784 1223 818; x_wconf 93' lang='lat' dir='ltr'>et</span> <span class='ocrx_word' id='word_1_74' title='bbox 1257 784 1299 818; x_wconf 91' lang='lat' dir='ltr'>ut</span> <span class='ocrx_word' id='word_1_75' title='bbox 1339 779 1445 818; x_wconf 92' lang='lat' dir='ltr'>cordi</span> <span class='ocrx_word' id='word_1_76' title='bbox 1479 779 1562 820; x_wconf 92' lang='lat' dir='ltr'>eius</span> 
     </span>
     <span class='ocr_line' id='line_1_11' title="bbox 142 837 1635 890; baseline 0.001 -13"><span class='ocrx_word' id='word_1_77' title='bbox 142 837 305 877; x_wconf 88' lang='lat' dir='ltr'>leticiam</span> <span class='ocrx_word' id='word_1_78' title='bbox 334 837 482 876; x_wconf 82' lang='lat' dir='ltr'>facilius</span> <span class='ocrx_word' id='word_1_79' title='bbox 510 837 721 877; x_wconf 87' lang='lat' dir='ltr'>inmitteret</span> <span class='ocrx_word' id='word_1_80' title='bbox 749 838 1002 888; x_wconf 82' lang='lat' dir='ltr'>redderetque</span> <span class='ocrx_word' id='word_1_81' title='bbox 1030 838 1079 877; x_wconf 92' lang='lat' dir='ltr'>ad</span> <span class='ocrx_word' id='word_1_82' title='bbox 1108 838 1300 878; x_wconf 90' lang='lat' dir='ltr'>Uenerem</span> <span class='ocrx_word' id='word_1_83' title='bbox 1329 839 1562 890; x_wconf 84' lang='lat' dir='ltr'>proniorem,</span> <span class='ocrx_word' id='word_1_84' title='bbox 1586 846 1635 884; x_wconf 92' lang='lat'>10</span> 
     </span>
     <span class='ocr_line' id='line_1_12' title="bbox 143 896 1563 948; baseline 0.001 -12"><span class='ocrx_word' id='word_1_85' title='bbox 143 897 236 937; x_wconf 92' lang='lat' dir='ltr'>uino</span> <span class='ocrx_word' id='word_1_86' title='bbox 264 896 351 936; x_wconf 89' lang='lat' dir='ltr'>forti</span> <span class='ocrx_word' id='word_1_87' title='bbox 387 909 477 936; x_wconf 88' lang='lat' dir='ltr'>eum</span> <span class='ocrx_word' id='word_1_88' title='bbox 511 896 705 936; x_wconf 89' lang='lat' dir='ltr'>inebriare</span> <span class='ocrx_word' id='word_1_89' title='bbox 741 898 932 945; x_wconf 84' lang='lat' dir='ltr'>studebat</span> <span class='ocrx_word' id='word_1_90' title='bbox 974 897 1101 936; x_wconf 90' lang='lat' dir='ltr'>sciens</span> <span class='ocrx_word' id='word_1_91' title='bbox 1136 898 1239 948; x_wconf 90' lang='lat' dir='ltr'>quod</span> <span class='ocrx_word' id='word_1_92' title='bbox 1273 898 1410 938; x_wconf 91' lang='lat' dir='ltr'>uinum</span> <span class='ocrx_word' id='word_1_93' title='bbox 1443 899 1563 938; x_wconf 89' lang='lat' dir='ltr'>letum</span> 
     </span>
     <span class='ocr_line' id='line_1_13' title="bbox 142 955 1564 1008; baseline 0.001 -13"><span class='ocrx_word' id='word_1_94' title='bbox 142 956 430 1007; x_wconf 76' lang='lat' dir='ltr'>facundumque</span> <span class='ocrx_word' id='word_1_95' title='bbox 455 955 660 995; x_wconf 86' lang='lat' dir='ltr'>hominem</span> <span class='ocrx_word' id='word_1_96' title='bbox 688 957 864 996; x_wconf 87' lang='lat' dir='ltr'>redderet</span> <span class='ocrx_word' id='word_1_97' title='bbox 902 957 1083 1008; x_wconf 88' lang='lat' dir='ltr'>quodque</span> <span class='ocrx_word' id='word_1_98' title='bbox 1111 957 1204 995; x_wconf 90' lang='lat' dir='ltr'>ebrii</span> <span class='ocrx_word' id='word_1_99' title='bbox 1234 962 1271 996; x_wconf 91' lang='lat' dir='ltr'>et</span> <span class='ocrx_word' id='word_1_100' title='bbox 1311 957 1351 996; x_wconf 91' lang='lat' dir='ltr'>in</span> <span class='ocrx_word' id='word_1_101' title='bbox 1379 958 1501 998; x_wconf 88' lang='lat' dir='ltr'>uerba</span> <span class='ocrx_word' id='word_1_102' title='bbox 1527 963 1564 997; x_wconf 90' lang='lat' dir='ltr'>et</span> 
     </span>
     <span class='ocr_line' id='line_1_14' title="bbox 141 1014 1564 1067; baseline 0.001 -12"><span class='ocrx_word' id='word_1_103' title='bbox 141 1015 182 1055; x_wconf 87' lang='lat' dir='ltr'>in</span> <span class='ocrx_word' id='word_1_104' title='bbox 210 1014 402 1055; x_wconf 87' lang='lat' dir='ltr'>Uenerem</span> <span class='ocrx_word' id='word_1_105' title='bbox 430 1014 632 1066; x_wconf 86' lang='lat' dir='ltr'>precipites</span> <span class='ocrx_word' id='word_1_106' title='bbox 660 1021 802 1055; x_wconf 91' lang='lat' dir='ltr'>essent.</span> <span class='ocrx_word' id='word_1_107' title='bbox 841 1015 941 1064; x_wconf 85' lang='lat' dir='ltr'>Quid</span> <span class='ocrx_word' id='word_1_108' title='bbox 970 1016 1084 1067; x_wconf 87' lang='lat' dir='ltr'>igitur</span> <span class='ocrx_word' id='word_1_109' title='bbox 1103 1015 1383 1056; x_wconf 88' lang='lat' dir='ltr'>illustrissimus</span> <span class='ocrx_word' id='word_1_110' title='bbox 1411 1016 1564 1056; x_wconf 90' lang='lat' dir='ltr'>iuuenis</span> 
     </span>
     <span class='ocr_line' id='line_1_15' title="bbox 142 1058 1565 1126; baseline 0.001 -13"><span class='ocrx_word' id='word_1_111' title='bbox 142 1079 272 1126; x_wconf 77' lang='lat' dir='ltr'>ageret</span> <span class='ocrx_word' id='word_1_112' title='bbox 300 1074 400 1114; x_wconf 88' lang='lat' dir='ltr'>inter</span> <span class='ocrx_word' id='word_1_113' title='bbox 428 1075 606 1114; x_wconf 88' lang='lat' dir='ltr'>colubras</span> <span class='ocrx_word' id='word_1_114' title='bbox 634 1058 1392 1126; x_wconf 53' lang='lat' dir='ltr'>cupidmisffiffls?</span> <span class='ocrx_word' id='word_1_115' title='bbox 1404 1076 1448 1115; x_wconf 90' lang='lat' dir='ltr'>ln</span> <span class='ocrx_word' id='word_1_116' title='bbox 1476 1076 1565 1126; x_wconf 83' lang='lat' dir='ltr'>igne</span> 
     </span>
     <span class='ocr_line' id='line_1_16' title="bbox 135 1124 1635 1186; baseline 0.001 -12"><span class='ocrx_word' id='word_1_117' title='bbox 135 1124 290 1186; x_wconf 60' lang='lat' dir='ltr'>p—os’ffii‘s</span> <span class='ocrx_word' id='word_1_118' title='bbox 319 1147 397 1174; x_wconf 90' lang='lat' dir='ltr'>non</span> <span class='ocrx_word' id='word_1_119' title='bbox 433 1135 596 1182; x_wconf 86' lang='lat' dir='ltr'>arderet,</span> <span class='ocrx_word' id='word_1_120' title='bbox 627 1134 943 1186; x_wconf 84' lang='lat' dir='ltr'>uirguncularum</span> <span class='ocrx_word' id='word_1_121' title='bbox 972 1147 1068 1185; x_wconf 86' lang='lat' dir='ltr'>quas</span> <span class='ocrx_word' id='word_1_122' title='bbox 1096 1135 1235 1175; x_wconf 89' lang='lat' dir='ltr'>merito</span> <span class='ocrx_word' id='word_1_123' title='bbox 1271 1135 1450 1175; x_wconf 89' lang='lat' dir='ltr'>colubras</span> <span class='ocrx_word' id='word_1_124' title='bbox 1485 1135 1565 1175; x_wconf 82' lang='lat' dir='ltr'>dixi</span> <span class='ocrx_word' id='word_1_125' title='bbox 1586 1143 1635 1181; x_wconf 85' lang='lat'>15</span> 
     </span>
     <span class='ocr_line' id='line_1_17' title="bbox 144 1194 1567 1246; baseline 0.001 -13"><span class='ocrx_word' id='word_1_126' title='bbox 144 1215 193 1221; x_wconf 91' lang='lat'>-</span> <span class='ocrx_word' id='word_1_127' title='bbox 222 1207 303 1234; x_wconf 90' lang='lat' dir='ltr'>non</span> <span class='ocrx_word' id='word_1_128' title='bbox 332 1194 438 1234; x_wconf 89' lang='lat' dir='ltr'>enim</span> <span class='ocrx_word' id='word_1_129' title='bbox 466 1199 523 1233; x_wconf 89' lang='lat' dir='ltr'>est</span> <span class='ocrx_word' id='word_1_130' title='bbox 550 1194 698 1233; x_wconf 87' lang='lat' dir='ltr'>astucia</span> <span class='ocrx_word' id='word_1_131' title='bbox 725 1207 843 1245; x_wconf 91' lang='lat' dir='ltr'>super</span> <span class='ocrx_word' id='word_1_132' title='bbox 871 1195 1058 1234; x_wconf 89' lang='lat' dir='ltr'>astuciam</span> <span class='ocrx_word' id='word_1_133' title='bbox 1087 1194 1278 1246; x_wconf 89' lang='lat' dir='ltr'>serpentis</span> <span class='ocrx_word' id='word_1_134' title='bbox 1315 1208 1387 1234; x_wconf 91' lang='lat' dir='ltr'>nec</span> <span class='ocrx_word' id='word_1_135' title='bbox 1415 1195 1567 1236; x_wconf 88' lang='lat' dir='ltr'>malicia</span> 
     </span>
     <span class='ocr_line' id='line_1_18' title="bbox 142 1253 1566 1305; baseline 0.001 -13"><span class='ocrx_word' id='word_1_136' title='bbox 142 1266 260 1305; x_wconf 87' lang='lat' dir='ltr'>super</span> <span class='ocrx_word' id='word_1_137' title='bbox 287 1253 479 1293; x_wconf 88' lang='lat' dir='ltr'>maliciam</span> <span class='ocrx_word' id='word_1_138' title='bbox 506 1253 679 1292; x_wconf 91' lang='lat' dir='ltr'>mulieris</span> <span class='ocrx_word' id='word_1_139' title='bbox 709 1275 757 1281; x_wconf 91' lang='lat'>——</span> <span class='ocrx_word' id='word_1_140' title='bbox 786 1254 928 1293; x_wconf 89' lang='lat' dir='ltr'>harum</span> <span class='ocrx_word' id='word_1_141' title='bbox 967 1254 1127 1305; x_wconf 89' lang='lat' dir='ltr'>inquam</span> <span class='ocrx_word' id='word_1_142' title='bbox 1155 1254 1333 1293; x_wconf 88' lang='lat' dir='ltr'>omnium</span> <span class='ocrx_word' id='word_1_143' title='bbox 1372 1255 1566 1295; x_wconf 84' lang='lat' dir='ltr'>calliditati</span> 
     </span>
     <span class='ocr_line' id='line_1_19' title="bbox 143 1312 1565 1365; baseline 0.001 -13"><span class='ocrx_word' id='word_1_144' title='bbox 143 1326 223 1353; x_wconf 91' lang='lat' dir='ltr'>non</span> <span class='ocrx_word' id='word_1_145' title='bbox 264 1313 560 1352; x_wconf 82' lang='lat' dir='ltr'>succumberet?</span> <span class='ocrx_word' id='word_1_146' title='bbox 614 1312 711 1361; x_wconf 89' lang='lat' dir='ltr'>Quis</span> <span class='ocrx_word' id='word_1_147' title='bbox 747 1319 827 1353; x_wconf 85' lang='lat' dir='ltr'>tam</span> <span class='ocrx_word' id='word_1_148' title='bbox 865 1314 1011 1352; x_wconf 88' lang='lat' dir='ltr'>ferreus</span> <span class='ocrx_word' id='word_1_149' title='bbox 1054 1326 1172 1364; x_wconf 82' lang='lat' dir='ltr'>quem</span> <span class='ocrx_word' id='word_1_150' title='bbox 1215 1314 1419 1365; x_wconf 84' lang='lat' dir='ltr'>amplexus</span> <span class='ocrx_word' id='word_1_151' title='bbox 1459 1315 1565 1363; x_wconf 58' lang='lat' dir='ltr'>tales,</span> 
     </span>
     <span class='ocr_line' id='line_1_20' title="bbox 142 1372 1567 1421; baseline 0.001 -9"><span class='ocrx_word' id='word_1_152' title='bbox 142 1372 232 1412; x_wconf 81' lang='lat' dir='ltr'>talia</span> <span class='ocrx_word' id='word_1_153' title='bbox 258 1373 395 1412; x_wconf 84' lang='lat' dir='ltr'>suauia</span> <span class='ocrx_word' id='word_1_154' title='bbox 433 1385 513 1412; x_wconf 91' lang='lat' dir='ltr'>non</span> <span class='ocrx_word' id='word_1_155' title='bbox 542 1372 770 1421; x_wconf 88' lang='lat' dir='ltr'>emollirent,</span> <span class='ocrx_word' id='word_1_156' title='bbox 806 1373 915 1412; x_wconf 92' lang='lat' dir='ltr'>cuius</span> <span class='ocrx_word' id='word_1_157' title='bbox 944 1386 1010 1412; x_wconf 88' lang='lat' dir='ltr'>cor</span> <span class='ocrx_word' id='word_1_158' title='bbox 1045 1373 1342 1412; x_wconf 86' lang='lat' dir='ltr'>adamantinum</span> <span class='ocrx_word' id='word_1_159' title='bbox 1380 1373 1467 1413; x_wconf 90' lang='lat' dir='ltr'>licet</span> <span class='ocrx_word' id='word_1_160' title='bbox 1493 1373 1567 1413; x_wconf 84' lang='lat' dir='ltr'>ista</span> 
     </span>
     <span class='ocr_line' id='line_1_21' title="bbox 143 1431 1638 1482; baseline 0.001 -11"><span class='ocrx_word' id='word_1_161' title='bbox 143 1445 223 1471; x_wconf 92' lang='lat' dir='ltr'>non</span> <span class='ocrx_word' id='word_1_162' title='bbox 252 1432 485 1482; x_wconf 71' lang='lat' dir='ltr'>frangerent,</span> <span class='ocrx_word' id='word_1_163' title='bbox 522 1431 608 1482; x_wconf 91' lang='lat' dir='ltr'>quis</span> <span class='ocrx_word' id='word_1_164' title='bbox 643 1437 723 1471; x_wconf 88' lang='lat' dir='ltr'>tam</span> <span class='ocrx_word' id='word_1_165' title='bbox 751 1445 904 1480; x_wconf 87' lang='lat' dir='ltr'>saxeus,</span> <span class='ocrx_word' id='word_1_166' title='bbox 942 1437 1022 1471; x_wconf 88' lang='lat' dir='ltr'>tam</span> <span class='ocrx_word' id='word_1_167' title='bbox 1062 1431 1300 1471; x_wconf 89' lang='lat' dir='ltr'>insensibilis</span> <span class='ocrx_word' id='word_1_168' title='bbox 1338 1433 1448 1472; x_wconf 87' lang='lat' dir='ltr'>cuius</span> <span class='ocrx_word' id='word_1_169' title='bbox 1476 1446 1566 1473; x_wconf 87' lang='lat' dir='ltr'>caro</span> <span class='ocrx_word' id='word_1_170' title='bbox 1584 1439 1638 1478; x_wconf 71' lang='lat'>20</span> 
     </span>
     <span class='ocr_line' id='line_1_22' title="bbox 142 1491 1565 1542; baseline 0.001 -11"><span class='ocrx_word' id='word_1_171' title='bbox 142 1492 192 1532; x_wconf 88' lang='lat' dir='ltr'>ad</span> <span class='ocrx_word' id='word_1_172' title='bbox 219 1491 436 1542; x_wconf 89' lang='lat' dir='ltr'>impudicos</span> <span class='ocrx_word' id='word_1_173' title='bbox 463 1496 627 1531; x_wconf 88' lang='lat' dir='ltr'>attactus</span> <span class='ocrx_word' id='word_1_174' title='bbox 656 1504 737 1531; x_wconf 92' lang='lat' dir='ltr'>non</span> <span class='ocrx_word' id='word_1_175' title='bbox 765 1491 957 1532; x_wconf 79' lang='lat' dir='ltr'>titillaret?</span> <span class='ocrx_word' id='word_1_176' title='bbox 1011 1491 1059 1531; x_wconf 89' lang='lat' dir='ltr'>Et</span> <span class='ocrx_word' id='word_1_177' title='bbox 1093 1491 1184 1542; x_wconf 89' lang='lat' dir='ltr'>quid</span> <span class='ocrx_word' id='word_1_178' title='bbox 1212 1491 1384 1532; x_wconf 81' lang='lat' dir='ltr'>mirum?</span> <span class='ocrx_word' id='word_1_179' title='bbox 1438 1492 1565 1541; x_wconf 89' lang='lat' dir='ltr'>Quem</span> 
     </span>
     <span class='ocr_line' id='line_1_23' title="bbox 143 1550 1562 1603; baseline 0.001 -13"><span class='ocrx_word' id='word_1_180' title='bbox 143 1550 249 1590; x_wconf 89' lang='lat' dir='ltr'>enim</span> <span class='ocrx_word' id='word_1_181' title='bbox 290 1551 509 1602; x_wconf 89' lang='lat' dir='ltr'>sapientum</span> <span class='ocrx_word' id='word_1_182' title='bbox 549 1551 757 1591; x_wconf 89' lang='lat' dir='ltr'>mulierum</span> <span class='ocrx_word' id='word_1_183' title='bbox 799 1551 947 1603; x_wconf 56' lang='lat' dir='ltr'>species</span> <span class='ocrx_word' id='word_1_184' title='bbox 989 1564 1068 1590; x_wconf 92' lang='lat' dir='ltr'>non</span> <span class='ocrx_word' id='word_1_185' title='bbox 1115 1551 1275 1603; x_wconf 85' lang='lat' dir='ltr'>decepit,</span> <span class='ocrx_word' id='word_1_186' title='bbox 1323 1564 1441 1602; x_wconf 89' lang='lat' dir='ltr'>quem</span> <span class='ocrx_word' id='word_1_187' title='bbox 1485 1565 1562 1592; x_wconf 90' lang='lat' dir='ltr'>non</span> 
     </span>
     <span class='ocr_line' id='line_1_24' title="bbox 142 1610 1567 1651; baseline 0.001 -1"><span class='ocrx_word' id='word_1_188' title='bbox 142 1611 419 1650; x_wconf 77' lang='lat' dir='ltr'>subuerterunt</span> <span class='ocrx_word' id='word_1_189' title='bbox 450 1623 585 1650; x_wconf 59' lang='lat' dir='ltr'>aarum</span> <span class='ocrx_word' id='word_1_190' title='bbox 622 1611 900 1651; x_wconf 82' lang='lat' dir='ltr'>contuberniat</span> <span class='ocrx_word' id='word_1_191' title='bbox 966 1610 1044 1650; x_wconf 90' lang='lat' dir='ltr'>Sed</span> <span class='ocrx_word' id='word_1_192' title='bbox 1080 1610 1232 1650; x_wconf 88' lang='lat' dir='ltr'>iuuenis</span> <span class='ocrx_word' id='word_1_193' title='bbox 1260 1611 1492 1651; x_wconf 89' lang='lat' dir='ltr'>fortissimus</span> <span class='ocrx_word' id='word_1_194' title='bbox 1528 1617 1567 1651; x_wconf 86' lang='lat' dir='ltr'>et</span> 
     </span>
     <span class='ocr_line' id='line_1_25' title="bbox 143 1669 1566 1722; baseline 0 -12"><span class='ocrx_word' id='word_1_195' title='bbox 143 1669 516 1718; x_wconf 81' lang='lat' dir='ltr'>continentissimus,</span> <span class='ocrx_word' id='word_1_196' title='bbox 544 1669 672 1710; x_wconf 88' lang='lat' dir='ltr'>sciens</span> <span class='ocrx_word' id='word_1_197' title='bbox 694 1683 772 1721; x_wconf 86' lang='lat' dir='ltr'>quo</span> <span class='ocrx_word' id='word_1_198' title='bbox 798 1671 873 1710; x_wconf 93' lang='lat' dir='ltr'>hoc</span> <span class='ocrx_word' id='word_1_199' title='bbox 900 1675 1078 1722; x_wconf 80' lang='lat' dir='ltr'>ageretur</span> <span class='ocrx_word' id='word_1_200' title='bbox 1106 1671 1278 1718; x_wconf 83' lang='lat' dir='ltr'>consilio,</span> <span class='ocrx_word' id='word_1_201' title='bbox 1307 1670 1434 1710; x_wconf 89' lang='lat' dir='ltr'>sciens</span> <span class='ocrx_word' id='word_1_202' title='bbox 1463 1672 1566 1722; x_wconf 90' lang='lat' dir='ltr'>quod</span> 
     </span>
     <span class='ocr_line' id='line_1_26' title="bbox 143 1729 1635 1781; baseline 0.001 -13"><span class='ocrx_word' id='word_1_203' title='bbox 143 1729 252 1768; x_wconf 89' lang='lat' dir='ltr'>omni</span> <span class='ocrx_word' id='word_1_204' title='bbox 278 1734 360 1769; x_wconf 85' lang='lat' dir='ltr'>arte</span> <span class='ocrx_word' id='word_1_205' title='bbox 387 1742 452 1769; x_wconf 90' lang='lat' dir='ltr'>ars</span> <span class='ocrx_word' id='word_1_206' title='bbox 482 1729 655 1769; x_wconf 87' lang='lat' dir='ltr'>mulieris</span> <span class='ocrx_word' id='word_1_207' title='bbox 682 1730 865 1781; x_wconf 83' lang='lat' dir='ltr'>preualet,</span> <span class='ocrx_word' id='word_1_208' title='bbox 903 1730 1034 1769; x_wconf 85' lang='lat' dir='ltr'>statuit</span> <span class='ocrx_word' id='word_1_209' title='bbox 1061 1735 1100 1769; x_wconf 89' lang='lat' dir='ltr'>et</span> <span class='ocrx_word' id='word_1_210' title='bbox 1126 1730 1327 1781; x_wconf 88' lang='lat' dir='ltr'>proposuit</span> <span class='ocrx_word' id='word_1_211' title='bbox 1352 1729 1394 1769; x_wconf 91' lang='lat' dir='ltr'>in</span> <span class='ocrx_word' id='word_1_212' title='bbox 1430 1731 1563 1770; x_wconf 87' lang='lat' dir='ltr'>animo</span> <span class='ocrx_word' id='word_1_213' title='bbox 1582 1736 1635 1774; x_wconf 78' lang='lat'>25</span> 
     </span>
     <span class='ocr_line' id='line_1_27' title="bbox 142 1788 1563 1855; baseline 0.001 -28"><span class='ocrx_word' id='word_1_214' title='bbox 142 1788 246 1839; x_wconf 90' lang='lat' dir='ltr'>quod</span> <span class='ocrx_word' id='word_1_215' title='bbox 274 1788 406 1828; x_wconf 89' lang='lat' dir='ltr'>omnia</span> <span class='ocrx_word' id='word_1_216' title='bbox 433 1802 568 1828; x_wconf 89' lang='lat' dir='ltr'>earum</span> <span class='ocrx_word' id='word_1_217' title='bbox 596 1789 861 1828; x_wconf 87' lang='lat' dir='ltr'>blandimenta</span> <span class='ocrx_word' id='word_1_218' title='bbox 889 1795 1032 1855; x_wconf 50' lang='lat'>&amp;2182</span> <span class='ocrx_word' id='word_1_219' title='bbox 1044 1789 1419 1844; x_wconf 57' lang='lat' dir='ltr'>USQLJWQ</span> <span class='ocrx_word' id='word_1_220' title='bbox 1429 1790 1481 1829; x_wconf 92' lang='lat' dir='ltr'>ob</span> <span class='ocrx_word' id='word_1_221' title='bbox 1501 1803 1563 1840; x_wconf 90' lang='lat' dir='ltr'>pa-</span> 
     </span>
     <span class='ocr_line' id='line_1_28' title="bbox 143 1847 1565 1900; baseline 0.001 -13"><span class='ocrx_word' id='word_1_222' title='bbox 143 1847 211 1887; x_wconf 89' lang='lat' dir='ltr'>tris</span> <span class='ocrx_word' id='word_1_223' title='bbox 237 1848 406 1900; x_wconf 81' lang='lat' dir='ltr'>graciam</span> <span class='ocrx_word' id='word_1_224' title='bbox 435 1854 639 1899; x_wconf 87' lang='lat' dir='ltr'>pateretur,</span> <span class='ocrx_word' id='word_1_225' title='bbox 668 1848 879 1900; x_wconf 85' lang='lat' dir='ltr'>gloriosum</span> <span class='ocrx_word' id='word_1_226' title='bbox 908 1849 979 1887; x_wconf 90' lang='lat' dir='ltr'>sibi</span> <span class='ocrx_word' id='word_1_227' title='bbox 1016 1853 1221 1899; x_wconf 88' lang='lat' dir='ltr'>tutumque</span> <span class='ocrx_word' id='word_1_228' title='bbox 1249 1849 1331 1888; x_wconf 92' lang='lat' dir='ltr'>fore</span> <span class='ocrx_word' id='word_1_229' title='bbox 1358 1849 1565 1897; x_wconf 88' lang='lat' dir='ltr'>arbitrans,</span> 
     </span>
     <span class='ocr_line' id='line_1_29' title="bbox 145 1907 1566 1959; baseline 0.001 -12"><span class='ocrx_word' id='word_1_230' title='bbox 145 1907 179 1947; x_wconf 83' lang='lat' dir='ltr'>si</span> <span class='ocrx_word' id='word_1_231' title='bbox 205 1908 254 1947; x_wconf 93' lang='lat' dir='ltr'>de</span> <span class='ocrx_word' id='word_1_232' title='bbox 280 1921 327 1947; x_wconf 92' lang='lat' dir='ltr'>eo</span> <span class='ocrx_word' id='word_1_233' title='bbox 355 1908 482 1947; x_wconf 89' lang='lat' dir='ltr'>solum</span> <span class='ocrx_word' id='word_1_234' title='bbox 517 1909 620 1958; x_wconf 87' lang='lat' dir='ltr'>quod</span> <span class='ocrx_word' id='word_1_235' title='bbox 648 1908 867 1959; x_wconf 87' lang='lat' dir='ltr'>captiuabat</span> <span class='ocrx_word' id='word_1_236' title='bbox 900 1909 1016 1948; x_wconf 90' lang='lat' dir='ltr'>etiam</span> <span class='ocrx_word' id='word_1_237' title='bbox 1044 1908 1258 1959; x_wconf 89' lang='lat' dir='ltr'>decrepitos</span> <span class='ocrx_word' id='word_1_238' title='bbox 1294 1908 1377 1959; x_wconf 92' lang='lat' dir='ltr'>ipse</span> <span class='ocrx_word' id='word_1_239' title='bbox 1414 1908 1566 1948; x_wconf 90' lang='lat' dir='ltr'>iuuenis</span> 
     </span>
     <span class='ocr_line' id='line_1_30' title="bbox 145 1967 1566 2020; baseline 0.001 -13"><span class='ocrx_word' id='word_1_240' title='bbox 145 1967 411 2020; x_wconf 84' lang='lat' dir='ltr'>triumpharet.</span> <span class='ocrx_word' id='word_1_241' title='bbox 450 1968 604 2008; x_wconf 85' lang='lat' dir='ltr'>Sciebat</span> <span class='ocrx_word' id='word_1_242' title='bbox 630 1969 735 2008; x_wconf 89' lang='lat' dir='ltr'>enim</span> <span class='ocrx_word' id='word_1_243' title='bbox 764 1968 853 2019; x_wconf 87' lang='lat' dir='ltr'>quia</span> <span class='ocrx_word' id='word_1_244' title='bbox 881 1969 913 2008; x_wconf 90' lang='lat' dir='ltr'>si</span> <span class='ocrx_word' id='word_1_245' title='bbox 940 1969 979 2007; x_wconf 93' lang='lat' dir='ltr'>in</span> <span class='ocrx_word' id='word_1_246' title='bbox 1007 1969 1083 2008; x_wconf 89' lang='lat' dir='ltr'>hac</span> <span class='ocrx_word' id='word_1_247' title='bbox 1102 1974 1210 2020; x_wconf 87' lang='lat' dir='ltr'>parte</span> <span class='ocrx_word' id='word_1_248' title='bbox 1238 1968 1470 2017; x_wconf 85' lang='lat' dir='ltr'>uinceretur,</span> <span class='ocrx_word' id='word_1_249' title='bbox 1499 1982 1566 2008; x_wconf 92' lang='lat' dir='ltr'>ne-</span> 
     </span>
     <span class='ocr_line' id='line_1_31' title="bbox 143 2028 1637 2080; baseline 0.002 -13"><span class='ocrx_word' id='word_1_250' title='bbox 143 2040 251 2067; x_wconf 83' lang='lat' dir='ltr'>cesse</span> <span class='ocrx_word' id='word_1_251' title='bbox 269 2040 423 2079; x_wconf 89' lang='lat' dir='ltr'>quoque</span> <span class='ocrx_word' id='word_1_252' title='bbox 441 2033 545 2067; x_wconf 63' lang='lat' dir='ltr'>esset</span> <span class='ocrx_word' id='word_1_253' title='bbox 563 2033 606 2067; x_wconf 91' lang='lat' dir='ltr'>ut</span> <span class='ocrx_word' id='word_1_254' title='bbox 624 2033 662 2068; x_wconf 89' lang='lat' dir='ltr'>et</span> <span class='ocrx_word' id='word_1_255' title='bbox 689 2034 914 2080; x_wconf 86' lang='lat' dir='ltr'>preceptum</span> <span class='ocrx_word' id='word_1_256' title='bbox 933 2028 1158 2079; x_wconf 83' lang='lat' dir='ltr'>infringeret</span> <span class='ocrx_word' id='word_1_257' title='bbox 1185 2028 1431 2079; x_wconf 87' lang='lat' dir='ltr'>preceptoris.</span> <span class='ocrx_word' id='word_1_258' title='bbox 1473 2028 1565 2068; x_wconf 87' lang='lat' dir='ltr'>Pre-</span> <span class='ocrx_word' id='word_1_259' title='bbox 1582 2033 1637 2071; x_wconf 90' lang='lat'>30</span> 
     </span>
     <span class='ocr_line' id='line_1_32' title="bbox 144 2087 1566 2139; baseline 0 -12"><span class='ocrx_word' id='word_1_260' title='bbox 144 2087 260 2127; x_wconf 82' lang='lat' dir='ltr'>bebat</span> <span class='ocrx_word' id='word_1_261' title='bbox 285 2100 377 2139; x_wconf 79' lang='lat' dir='ltr'>ergo</span> <span class='ocrx_word' id='word_1_262' title='bbox 405 2087 584 2138; x_wconf 75' lang='lat' dir='ltr'>hylarem</span> <span class='ocrx_word' id='word_1_263' title='bbox 620 2088 772 2128; x_wconf 92' lang='lat' dir='ltr'>uultum</span> <span class='ocrx_word' id='word_1_264' title='bbox 801 2087 974 2139; x_wconf 84' lang='lat' dir='ltr'>singulis,</span> <span class='ocrx_word' id='word_1_265' title='bbox 1014 2101 1149 2127; x_wconf 88' lang='lat' dir='ltr'>earum</span> <span class='ocrx_word' id='word_1_266' title='bbox 1177 2088 1392 2139; x_wconf 85' lang='lat' dir='ltr'>amplexus,</span> <span class='ocrx_word' id='word_1_267' title='bbox 1432 2088 1566 2127; x_wconf 88' lang='lat' dir='ltr'>suauia</span> 
     </span>
     <span class='ocr_line' id='line_1_33' title="bbox 144 2146 1567 2198; baseline 0.001 -12"><span class='ocrx_word' id='word_1_268' title='bbox 144 2150 384 2198; x_wconf 85' lang='lat' dir='ltr'>attactusque</span> <span class='ocrx_word' id='word_1_269' title='bbox 417 2146 638 2195; x_wconf 86' lang='lat' dir='ltr'>admittens,</span> <span class='ocrx_word' id='word_1_270' title='bbox 676 2147 717 2187; x_wconf 89' lang='lat' dir='ltr'>in</span> <span class='ocrx_word' id='word_1_271' title='bbox 745 2147 884 2187; x_wconf 89' lang='lat' dir='ltr'>lectulo</span> <span class='ocrx_word' id='word_1_272' title='bbox 921 2160 1017 2187; x_wconf 89' lang='lat' dir='ltr'>uero</span> <span class='ocrx_word' id='word_1_273' title='bbox 1053 2152 1091 2186; x_wconf 92' lang='lat' dir='ltr'>et</span> <span class='ocrx_word' id='word_1_274' title='bbox 1130 2147 1179 2186; x_wconf 91' lang='lat' dir='ltr'>ad</span> <span class='ocrx_word' id='word_1_275' title='bbox 1207 2159 1323 2186; x_wconf 92' lang='lat' dir='ltr'>usum</span> <span class='ocrx_word' id='word_1_276' title='bbox 1358 2146 1567 2198; x_wconf 87' lang='lat' dir='ltr'>petulantie</span> 
     </span>
    </p>
   </div>
   <div class='ocr_carea' id='block_1_3' title="bbox 258 2226 423 2230">
    <p class='ocr_par' dir='ltr' id='par_1_3' title="bbox 258 2226 423 2230">
     <span class='ocr_line' id='line_1_34' title="bbox 258 2226 423 2230; baseline 0 0"><span class='ocrx_word' id='word_1_277' title='bbox 258 2226 423 2230; x_wconf 95' lang='lat' dir='ltr'> </span> 
     </span>
    </p>
   </div>
   <div class='ocr_carea' id='block_1_4' title="bbox 143 2265 1568 2783">
    <p class='ocr_par' dir='ltr' id='par_1_4' title="bbox 143 2265 1568 2738">
     <span class='ocr_line' id='line_1_35' title="bbox 268 2265 1559 2310; baseline 0 -10"><span class='ocrx_word' id='word_1_278' title='bbox 268 2266 283 2300; x_wconf 86' lang='lat'>1</span> <span class='ocrx_word' id='word_1_279' title='bbox 308 2265 457 2300; x_wconf 84' lang='lat' dir='ltr'>delinite</span> <span class='ocrx_word' id='word_1_280' title='bbox 493 2265 628 2310; x_wconf 68' lang='lat' dir='ltr'>ospV.</span> <span class='ocrx_word' id='word_1_281' title='bbox 657 2285 699 2291; x_wconf 93' lang='lat'><strong>—</strong></span> <span class='ocrx_word' id='word_1_282' title='bbox 726 2266 749 2300; x_wconf 76' lang='lat'>2</span> <span class='ocrx_word' id='word_1_283' title='bbox 773 2265 981 2301; x_wconf 78' lang='lat' dir='ltr'>assidebant</span> <span class='ocrx_word' id='word_1_284' title='bbox 1004 2265 1094 2309; x_wconf 73' lang='lat' dir='ltr'>fehlt</span> <span class='ocrx_word' id='word_1_285' title='bbox 1121 2265 1258 2310; x_wconf 79' lang='lat' dir='ltr'>OPpV.</span> <span class='ocrx_word' id='word_1_286' title='bbox 1284 2285 1330 2290; x_wconf 97' lang='lat'><strong>—</strong></span> <span class='ocrx_word' id='word_1_287' title='bbox 1355 2266 1379 2300; x_wconf 89' lang='lat'>5</span> <span class='ocrx_word' id='word_1_288' title='bbox 1403 2276 1436 2300; x_wconf 89' lang='lat' dir='ltr'>a.</span> <span class='ocrx_word' id='word_1_289' title='bbox 1461 2275 1559 2300; x_wconf 88' lang='lat' dir='ltr'>nunc</span> 
     </span>
     <span class='ocr_line' id='line_1_36' title="bbox 143 2317 1568 2364; baseline -0.001 -10"><span class='ocrx_word' id='word_1_290' title='bbox 143 2318 319 2354; x_wconf 76' lang='lat' dir='ltr'>mnibus</span> <span class='ocrx_word' id='word_1_291' title='bbox 349 2330 392 2355; x_wconf 82' lang='lat' dir='ltr'>ac</span> <span class='ocrx_word' id='word_1_292' title='bbox 414 2318 570 2354; x_wconf 84' lang='lat' dir='ltr'>tactibus</span> <span class='ocrx_word' id='word_1_293' title='bbox 598 2319 691 2364; x_wconf 74' lang='lat'><strong><em>01²1&gt;</em></strong></span> <span class='ocrx_word' id='word_1_294' title='bbox 699 2321 739 2354; x_wconf 81' lang='lat' dir='ltr'>V.</span> <span class='ocrx_word' id='word_1_295' title='bbox 777 2338 818 2344; x_wconf 96' lang='lat'><strong>—</strong></span> <span class='ocrx_word' id='word_1_296' title='bbox 856 2320 879 2354; x_wconf 88' lang='grc'><strong>6</strong></span> <span class='ocrx_word' id='word_1_297' title='bbox 904 2319 1080 2364; x_wconf 85' lang='lat' dir='ltr'>ludosque</span> <span class='ocrx_word' id='word_1_298' title='bbox 1107 2318 1207 2364; x_wconf 66' lang='lat'><strong><em>01²1».</em></strong></span> <span class='ocrx_word' id='word_1_299' title='bbox 1234 2338 1279 2344; x_wconf 87' lang='lat'>-</span> <span class='ocrx_word' id='word_1_300' title='bbox 1309 2319 1333 2354; x_wconf 94' lang='lat'>8</span> <span class='ocrx_word' id='word_1_301' title='bbox 1357 2317 1568 2364; x_wconf 80' lang='lat' dir='ltr'>expectabat</span> 
     </span>
     <span class='ocr_line' id='line_1_37' title="bbox 146 2371 1566 2418; baseline -0.001 -10"><span class='ocrx_word' id='word_1_302' title='bbox 146 2371 288 2417; x_wconf 77' lang='lat' dir='ltr'>OPpV.</span> <span class='ocrx_word' id='word_1_303' title='bbox 300 2392 348 2397; x_wconf 93' lang='lat'><strong>—</strong></span> <span class='ocrx_word' id='word_1_304' title='bbox 367 2373 412 2407; x_wconf 84' lang='lat'>10</span> <span class='ocrx_word' id='word_1_305' title='bbox 422 2372 663 2418; x_wconf 86' lang='lat' dir='ltr'>promciorem</span> <span class='ocrx_word' id='word_1_306' title='bbox 684 2373 727 2417; x_wconf 82' lang='grc' dir='ltr'>Ο,</span> <span class='ocrx_word' id='word_1_307' title='bbox 745 2372 1003 2418; x_wconf 88' lang='lat' dir='ltr'>promptiorem</span> <span class='ocrx_word' id='word_1_308' title='bbox 1023 2373 1082 2407; x_wconf 90' lang='lat' dir='ltr'>uel</span> <span class='ocrx_word' id='word_1_309' title='bbox 1100 2383 1203 2418; x_wconf 89' lang='lat' dir='ltr'>pron.</span> <span class='ocrx_word' id='word_1_310' title='bbox 1222 2373 1288 2417; x_wconf 83' lang='lat' dir='ltr'>Pp.</span> <span class='ocrx_word' id='word_1_311' title='bbox 1306 2391 1351 2397; x_wconf 91' lang='lat'>—</span> <span class='ocrx_word' id='word_1_312' title='bbox 1376 2372 1421 2407; x_wconf 83' lang='lat'>14</span> <span class='ocrx_word' id='word_1_313' title='bbox 1444 2374 1566 2416; x_wconf 78' lang='lat' dir='ltr'>ageret</span> 
     </span>
     <span class='ocr_line' id='line_1_38' title="bbox 144 2424 1567 2471; baseline 0 -11"><span class='ocrx_word' id='word_1_314' title='bbox 144 2424 234 2468; x_wconf 66' lang='lat' dir='ltr'>solat</span> <span class='ocrx_word' id='word_1_315' title='bbox 247 2424 388 2471; x_wconf 78' lang='lat' dir='ltr'>OPpV.</span> <span class='ocrx_word' id='word_1_316' title='bbox 406 2444 442 2451; x_wconf 95' lang='lat'>—</span> <span class='ocrx_word' id='word_1_317' title='bbox 464 2426 507 2461; x_wconf 78' lang='lat'>16</span> <span class='ocrx_word' id='word_1_318' title='bbox 522 2436 616 2471; x_wconf 87' lang='lat' dir='ltr'>serp.</span> <span class='ocrx_word' id='word_1_319' title='bbox 633 2436 700 2461; x_wconf 91' lang='lat' dir='ltr'>nec</span> <span class='ocrx_word' id='word_1_320' title='bbox 717 2437 766 2461; x_wconf 90' lang='lat' dir='ltr'>m.</span> <span class='ocrx_word' id='word_1_321' title='bbox 779 2437 807 2461; x_wconf 88' lang='lat' dir='ltr'>s.</span> <span class='ocrx_word' id='word_1_322' title='bbox 823 2437 873 2461; x_wconf 88' lang='lat' dir='ltr'>m.</span> <span class='ocrx_word' id='word_1_323' title='bbox 887 2437 934 2461; x_wconf 91' lang='lat' dir='ltr'>m.</span> <span class='ocrx_word' id='word_1_324' title='bbox 949 2426 1039 2469; x_wconf 76' lang='lat' dir='ltr'>fehlt</span> <span class='ocrx_word' id='word_1_325' title='bbox 1060 2425 1150 2470; x_wconf 82' lang='lat' dir='ltr'>OPp</span> <span class='ocrx_word' id='word_1_326' title='bbox 1160 2425 1198 2460; x_wconf 84' lang='lat' dir='ltr'>V.</span> <span class='ocrx_word' id='word_1_327' title='bbox 1212 2444 1259 2450; x_wconf 91' lang='lat'><strong>—</strong></span> <span class='ocrx_word' id='word_1_328' title='bbox 1280 2426 1321 2461; x_wconf 86' lang='grc'>17</span> <span class='ocrx_word' id='word_1_329' title='bbox 1338 2425 1468 2460; x_wconf 89' lang='lat' dir='ltr'>harum</span> <span class='ocrx_word' id='word_1_330' title='bbox 1485 2425 1567 2470; x_wconf 84' lang='lat' dir='ltr'>quis</span> 
     </span>
     <span class='ocr_line' id='line_1_39' title="bbox 143 2476 1566 2524; baseline 0.001 -12"><span class='ocrx_word' id='word_1_331' title='bbox 143 2476 169 2512; x_wconf 86' lang='lat' dir='ltr'>i.</span> <span class='ocrx_word' id='word_1_332' title='bbox 195 2478 324 2524; x_wconf 75' lang='lat' dir='ltr'>Ova</span> <span class='ocrx_word' id='word_1_333' title='bbox 349 2498 395 2504; x_wconf 98' lang='lat'><strong>—</strong></span> <span class='ocrx_word' id='word_1_334' title='bbox 419 2479 612 2514; x_wconf 88' lang='lat' dir='ltr'>hominum</span> <span class='ocrx_word' id='word_1_335' title='bbox 636 2490 667 2515; x_wconf 90' lang='lat' dir='ltr'>c.</span> <span class='ocrx_word' id='word_1_336' title='bbox 694 2478 735 2515; x_wconf 90' lang='grc' dir='ltr'>Ο.</span> <span class='ocrx_word' id='word_1_337' title='bbox 771 2498 792 2503; x_wconf 85' lang='lat'><em>-</em></span> <span class='ocrx_word' id='word_1_338' title='bbox 840 2479 885 2514; x_wconf 87' lang='lat'>18</span> <span class='ocrx_word' id='word_1_339' title='bbox 909 2482 985 2514; x_wconf 88' lang='lat' dir='ltr'>tam</span> <span class='ocrx_word' id='word_1_340' title='bbox 1016 2479 1114 2514; x_wconf 85' lang='lat' dir='ltr'>ferus</span> <span class='ocrx_word' id='word_1_341' title='bbox 1140 2478 1276 2523; x_wconf 75' lang='lat' dir='ltr'>OPpV</span> <span class='ocrx_word' id='word_1_342' title='bbox 1299 2497 1338 2504; x_wconf 91' lang='lat'>-—</span> <span class='ocrx_word' id='word_1_343' title='bbox 1366 2478 1458 2514; x_wconf 83' lang='lat' dir='ltr'>tales</span> <span class='ocrx_word' id='word_1_344' title='bbox 1482 2477 1566 2513; x_wconf 84' lang='lat' dir='ltr'>talis</span> 
     </span>
     <span class='ocr_line' id='line_1_40' title="bbox 144 2530 1564 2578; baseline 0 -12"><span class='ocrx_word' id='word_1_345' title='bbox 144 2530 294 2567; x_wconf 76' lang='lat' dir='ltr'>lasciuia</span> <span class='ocrx_word' id='word_1_346' title='bbox 319 2532 410 2578; x_wconf 68' lang='lat' dir='ltr'>opp</span> <span class='ocrx_word' id='word_1_347' title='bbox 432 2532 598 2578; x_wconf 80' lang='lat' dir='ltr'>(talisque</span> <span class='ocrx_word' id='word_1_348' title='bbox 628 2533 713 2568; x_wconf 74' lang='lat' dir='ltr'>lasc.</span> <span class='ocrx_word' id='word_1_349' title='bbox 738 2534 791 2576; x_wconf 88' lang='lat' dir='ltr'>V.)</span> <span class='ocrx_word' id='word_1_350' title='bbox 814 2553 861 2557; x_wconf 97' lang='lat'><strong>—</strong></span> <span class='ocrx_word' id='word_1_351' title='bbox 886 2533 930 2567; x_wconf 78' lang='lat'>21</span> <span class='ocrx_word' id='word_1_352' title='bbox 956 2533 1002 2567; x_wconf 84' lang='lat' dir='ltr'>ad</span> <span class='ocrx_word' id='word_1_353' title='bbox 1019 2532 1043 2567; x_wconf 89' lang='lat' dir='ltr'>i.</span> <span class='ocrx_word' id='word_1_354' title='bbox 1060 2532 1128 2567; x_wconf 82' lang='lat' dir='ltr'>hos</span> <span class='ocrx_word' id='word_1_355' title='bbox 1152 2535 1270 2567; x_wconf 85' lang='lat' dir='ltr'>tactus</span> <span class='ocrx_word' id='word_1_356' title='bbox 1293 2542 1369 2567; x_wconf 90' lang='lat' dir='ltr'>non</span> <span class='ocrx_word' id='word_1_357' title='bbox 1393 2531 1564 2567; x_wconf 78' lang='lat' dir='ltr'>incitaret</span> 
     </span>
     <span class='ocr_line' id='line_1_41' title="bbox 146 2585 1567 2632; baseline -0.001 -12"><span class='ocrx_word' id='word_1_358' title='bbox 146 2585 215 2630; x_wconf 71' lang='grc' dir='ltr'>ἢ),</span> <span class='ocrx_word' id='word_1_359' title='bbox 237 2585 284 2620; x_wconf 79' lang='lat' dir='ltr'>ad</span> <span class='ocrx_word' id='word_1_360' title='bbox 307 2586 332 2621; x_wconf 90' lang='lat' dir='ltr'>i.</span> <span class='ocrx_word' id='word_1_361' title='bbox 348 2589 452 2622; x_wconf 72' lang='lat' dir='ltr'>actus</span> <span class='ocrx_word' id='word_1_362' title='bbox 467 2597 542 2622; x_wconf 90' lang='lat' dir='ltr'>non</span> <span class='ocrx_word' id='word_1_363' title='bbox 559 2586 767 2622; x_wconf 81' lang='lat' dir='ltr'>incitaretur</span> <span class='ocrx_word' id='word_1_364' title='bbox 790 2586 842 2632; x_wconf 83' lang='lat' dir='ltr'>V‚·</span> <span class='ocrx_word' id='word_1_365' title='bbox 866 2597 896 2621; x_wconf 90' lang='lat' dir='ltr'>c.</span> <span class='ocrx_word' id='word_1_366' title='bbox 914 2596 1061 2621; x_wconf 79' lang='lat' dir='ltr'>carnem</span> <span class='ocrx_word' id='word_1_367' title='bbox 1085 2588 1160 2621; x_wconf 81' lang='lat' dir='ltr'>tam</span> <span class='ocrx_word' id='word_1_368' title='bbox 1186 2585 1399 2631; x_wconf 84' lang='lat' dir='ltr'>impudicus</span> <span class='ocrx_word' id='word_1_369' title='bbox 1414 2588 1479 2620; x_wconf 88' lang='lat' dir='ltr'>att.</span> <span class='ocrx_word' id='word_1_370' title='bbox 1492 2594 1567 2620; x_wconf 88' lang='lat' dir='ltr'>non</span> 
     </span>
     <span class='ocr_line' id='line_1_42' title="bbox 146 2637 1565 2684; baseline 0.001 -12"><span class='ocrx_word' id='word_1_371' title='bbox 146 2637 192 2672; x_wconf 88' lang='lat' dir='ltr'>ad</span> <span class='ocrx_word' id='word_1_372' title='bbox 219 2639 363 2674; x_wconf 79' lang='lat' dir='ltr'>veneris</span> <span class='ocrx_word' id='word_1_373' title='bbox 377 2639 564 2675; x_wconf 87' lang='lat' dir='ltr'>illecebras</span> <span class='ocrx_word' id='word_1_374' title='bbox 579 2639 744 2675; x_wconf 78' lang='lat' dir='ltr'>incitaret</span> <span class='ocrx_word' id='word_1_375' title='bbox 761 2639 803 2676; x_wconf 91' lang='grc'>0.</span> <span class='ocrx_word' id='word_1_376' title='bbox 820 2659 863 2666; x_wconf 90' lang='lat'>-—</span> <span class='ocrx_word' id='word_1_377' title='bbox 881 2639 928 2674; x_wconf 79' lang='lat'>25</span> <span class='ocrx_word' id='word_1_378' title='bbox 940 2639 1141 2684; x_wconf 80' lang='lat' dir='ltr'>prenaleret</span> <span class='ocrx_word' id='word_1_379' title='bbox 1155 2638 1187 2672; x_wconf 86' lang='lat' dir='ltr'><em>L</em></span> <span class='ocrx_word' id='word_1_380' title='bbox 1202 2657 1248 2663; x_wconf 97' lang='lat'><strong>—</strong></span> <span class='ocrx_word' id='word_1_381' title='bbox 1273 2638 1402 2684; x_wconf 84' lang='lat' dir='ltr'>posuit</span> <span class='ocrx_word' id='word_1_382' title='bbox 1424 2637 1565 2683; x_wconf 79' lang='lat' dir='ltr'>OPpV.</span> 
     </span>
     <span class='ocr_line' id='line_1_43' title="bbox 146 2690 1564 2738; baseline 0 -12"><span class='ocrx_word' id='word_1_383' title='bbox 146 2710 193 2717; x_wconf 96' lang='lat'><strong>—</strong></span> <span class='ocrx_word' id='word_1_384' title='bbox 216 2691 264 2726; x_wconf 73' lang='lat'>26</span> <span class='ocrx_word' id='word_1_385' title='bbox 286 2702 324 2726; x_wconf 86' lang='lat' dir='ltr'>u.</span> <span class='ocrx_word' id='word_1_386' title='bbox 347 2692 492 2728; x_wconf 81' lang='lat' dir='ltr'>ueneris</span> <span class='ocrx_word' id='word_1_387' title='bbox 514 2692 563 2728; x_wconf 90' lang='lat' dir='ltr'>ob</span> <span class='ocrx_word' id='word_1_388' title='bbox 587 2703 621 2738; x_wconf 88' lang='lat' dir='ltr'>p.</span> <span class='ocrx_word' id='word_1_389' title='bbox 646 2703 699 2737; x_wconf 74' lang='lat' dir='ltr'>gr.</span> <span class='ocrx_word' id='word_1_390' title='bbox 726 2692 868 2737; x_wconf 73' lang='lat' dir='ltr'>01&gt;th</span> <span class='ocrx_word' id='word_1_391' title='bbox 903 2711 946 2718; x_wconf 93' lang='lat'><strong>—</strong></span> <span class='ocrx_word' id='word_1_392' title='bbox 972 2691 1015 2727; x_wconf 86' lang='lat'>31</span> <span class='ocrx_word' id='word_1_393' title='bbox 1042 2701 1249 2736; x_wconf 81' lang='lat' dir='ltr'>suauesque</span> <span class='ocrx_word' id='word_1_394' title='bbox 1281 2694 1399 2726; x_wconf 83' lang='lat' dir='ltr'>tactus</span> <span class='ocrx_word' id='word_1_395' title='bbox 1424 2690 1564 2736; x_wconf 76' lang='lat' dir='ltr'>OPpV.</span> 
     </span>
    </p>

    <p class='ocr_par' dir='ltr' id='par_1_5' title="bbox 1385 2755 1421 2783">
     <span class='ocr_line' id='line_1_44' title="bbox 1385 2755 1421 2783; baseline 0 0"><span class='ocrx_word' id='word_1_396' title='bbox 1385 2755 1421 2783; x_wconf 69' lang='lat'>8⁸</span> 
     </span>
    </p>
   </div>
  </div>
 </body>
</html>
