1806 3022
842 185 1089 225 ...3-

262 307 303 342 ut
342 302 514 353 scorpius
554 302 820 350 blandiuntur,
858 306 900 341 ut
939 302 1187 353 postmodum
1227 300 1398 340 securius
1443 304 1480 340 et
1519 299 1670 340 cautius

261 366 435 413 pungant
463 362 596 403 cauda.
651 360 959 401 Consedentibus
986 361 1114 412 itaque
1142 359 1273 400 Cesari
1301 358 1525 399 consulibus
1560 371 1670 398 sena·

261 420 482 472 toribusque
517 433 562 461 ac
597 420 866 460 Romanorum
906 420 1100 460 nobilibus
1144 432 1233 459 cum
1267 417 1449 458 iussisset
1476 417 1594 458 Cesar
1627 422 1670 457 ut

261 492 418 520 causam
436 480 626 520 aduentus
654 479 714 519 sui
741 479 933 520 edicerent
952 491 1227 530 summumque
1246 477 1442 518 silentium
1469 477 1517 517 ab
1547 476 1671 516 omni-

217 540 241 577 5
260 538 333 578 bus
361 543 567 587 teneretur,
594 539 635 579 in
663 539 734 579 hec
762 539 920 579 tandem
949 539 1069 578 uerba
1097 542 1355 590 prorumpunt
1383 535 1540 588 pessimi
1568 536 1668 575 delae

261 603 382 638 tores:
412 598 524 648 Cum,
551 596 743 649 inquiunt,
772 598 887 638 totius
907 597 1010 637 orbis
1039 597 1203 637 circulus
1222 602 1362 645 uestre,
1392 609 1415 635 o
1434 595 1552 635 Cesar
1580 607 1669 634 uos-

259 670 346 708 que,
370 658 571 698 reuerendi
589 662 728 709 patres,
757 662 887 709 pareat
906 657 1042 697 dicioni
1063 657 1317 707 omniumque
1344 660 1425 695 tam
1453 667 1670 706 pauperum

259 729 377 768 quam
417 716 579 756 diuitum
619 716 701 768 paci
744 722 782 756 et
814 716 965 756 utilitati
1000 715 1207 756 teneamini
1244 715 1459 766 prouidere,
1502 725 1669 764 cumque

259 789 394 828 regum
421 776 643 828 tyrannides
668 781 795 816 uestre
823 775 932 827 uirga
957 775 1134 826 equitatis
1162 775 1400 826 corrigantur
1441 787 1512 814 nec
1552 772 1667 812 maie-

193 837 241 875 10
259 840 398 876 statem
434 836 607 876 uestram
637 836 754 876 latere
794 835 1011 886 quicquam,
1041 848 1277 886 quamquam
1306 834 1450 874 occulte
1478 834 1671 884 longeque

258 895 401 935 factum
429 895 490 943 sit,
520 896 734 945 credamus,
772 895 959 935 miramur
986 900 1169 934 utrumne
1205 895 1254 934 ad
1281 907 1394 934 aures
1432 898 1560 933 uestre
1597 893 1667 932 cle-

259 954 402 994 mentie
443 954 661 1006 peruenerit
701 955 809 1006 regni
847 953 974 994 Sicilie
1015 954 1212 1001 desolatio,
1247 953 1348 1005 regis
1388 952 1592 993 crudelitas
1631 955 1668 991 et

259 1013 613 1053 circumiacentium
631 1014 793 1054 uastatio
821 1014 1034 1065 regionum.
1073 1014 1169 1054 Ecce
1197 1012 1303 1052 enim
1331 1026 1398 1052 rex
1417 1012 1667 1063 Dolopathos,

259 1073 319 1112 cui
346 1074 472 1113 adbuc
500 1073 660 1124 puerulo
688 1074 760 1113 sub
791 1073 981 1113 tutoribus
1010 1073 1188 1113 existenti
1229 1085 1391 1124 regnum
1428 1071 1551 1111 Sicilie
1579 1083 1667 1110 con-

192 1132 238 1171 15
259 1131 438 1181 cessistis,
458 1137 654 1172 tantorum
673 1132 949 1172 beneficiorum
967 1132 1183 1180 immemor,
1204 1132 1368 1183 Augusti
1388 1130 1670 1180 consulumque

258 1197 372 1242 atque
400 1196 624 1231 senatorum
651 1193 802 1232 decreta
829 1192 1174 1243 Romanorumque
1208 1192 1311 1243 leges
1340 1190 1501 1231 omnino
1541 1189 1665 1241 parui-

258 1251 434 1302 pendens
461 1264 564 1291 noua
597 1256 634 1291 et
666 1251 838 1291 inaudita
871 1251 1072 1302 tyrannide
1105 1251 1146 1290 in
1183 1251 1375 1291 subiectos
1413 1249 1667 1301 regionesque

259 1308 442 1350 finitimas
481 1310 721 1350 debaccatur.
786 1310 962 1362 Captiuat
995 1324 1103 1362 reges
1138 1310 1186 1350 ab
1233 1310 1287 1350 eis
1322 1309 1463 1349 tributa
1496 1308 1666 1359 exigens,

258 1368 480 1409 resistentes
500 1382 594 1409 uero
615 1370 722 1410 bellis
740 1370 903 1410 assiduis
922 1369 1120 1421 inquietat,
1149 1369 1299 1409 nobiles
1318 1369 1428 1420 regui
1456 1368 1516 1408 sui
1534 1366 1666 1419 patriis

188 1428 241 1467 20
257 1427 383 1479 priuat
415 1428 642 1477 honoribus,
679 1429 718 1468 in
749 1442 845 1480 quos
882 1430 1090 1480 degeneres
1127 1428 1345 1478 introducit,
1379 1429 1589 1468 scelerosos
1630 1431 1667 1465 et

258 1486 393 1527 mortis
411 1500 497 1528 reos
526 1493 662 1554 purgat
680 1502 703 1528 a
722 1488 893 1537 crimine,
921 1488 1006 1528 illos
1024 1488 1159 1528 asserit
1178 1488 1259 1528 uita
1285 1488 1434 1539 dignos,
1462 1486 1533 1526 illis
1552 1498 1667 1525 suam

258 1546 412 1586 exbibet
438 1546 618 1598 graciam,
646 1547 872 1587 innocentes
909 1561 1002 1587 uero
1039 1547 1214 1587 omnium
1248 1560 1435 1598 generum
1469 1544 1663 1597 suppliciis

258 1605 418 1656 perimit,
447 1618 514 1645 eos
542 1606 709 1646 maxime
736 1606 800 1657 qui
820 1606 997 1646 Romano
1025 1606 1183 1647 fauent'
1174 1606 1345 1658 imperio.
1401 1605 1502 1655 Quid
1529 1605 1664 1656 plura?

257 1664 346 1704 Non
374 1664 512 1705 sufficit
538 1665 637 1716 regis
664 1655 808 1705 libidini
837 1665 963 1706 Sicilia
991 1679 1085 1706 auro
1113 1671 1150 1705 et
1177 1671 1335 1716 argento
1364 1665 1557 1715 rebusque
1585 1675 1664 1702 om·

188 1724 239 1763 25
258 1723 373 1763 nibus
401 1724 517 1764 dicior
545 1724 692 1764 cunctis
719 1725 859 1776 regnis,
887 1726 956 1765 'sed
984 1738 1055 1765 nec
1083 1725 1277 1764 sufficiunt
1315 1738 1410 1776 quas
1447 1723 1588 1764 inuasit
1628 1726 1666 1761 et

259 1783 446 1823 subtraxit
465 1782 671 1824 Romano
662 1784 819 1836 1mperio
839 1784 1026 1836 regiones,
1056 1784 1148 1835 quin
1176 1785 1295 1824 immo
1315 1785 1437 1823 elatus
1464 1784 1503 1822 in
1533 1795 1663 1833 super·

258 1842 361 1882 biam
389 1850 656 1894 nonarumque
674 1856 805 1884 rerum
823 1849 955 1883 auctor
983 1844 1139 1883 effectus
1167 1844 1216 1883 ab
1235 1843 1395 1894 imperio
1423 1843 1501 1882 iam
1529 1842 1666 1882 defecit

259 1907 562 1953 congregataque
603 1915 801 1942 armorum
828 1902 979 1943 infinita
1019 1903 1128 1954 copia
1177 1908 1212 1942 et
1254 1902 1419 1942 militum
1463 1903 1669 1942 innumera

257 1961 501 2002 multitudine
528 1962 650 2002 eciam
677 1968 811 2002 contra
838 1975 920 2002 rem
949 1962 1141 2013 publicam
1169 1962 1395 2002 coniurauit.
1437 1962 1517 2002 Nos
1536 1967 1667 2001 autem

187 2020 240 2060 30
258 2019 435 2060 timentes
455 2033 516 2069 ne,
537 2021 630 2061 dum
657 2021 759 2061 istud
777 2021 965 2061 maiestati
982 2027 1108 2061 uestre
1127 2021 1322 2073 cognitum
1351 2021 1458 2070 soret,
1488 2022 1537 2061 ob
1553 2021 1667 2060 unius

380 2133 395 2168 1
423 2132 563 2178 scorpio
579 2134 709 2178 oPpV.
735 2154 780 2161 -
806 2135 827 2169 2
852 2137 988 2179 pungat
1002 2136 1068 2180 Pp.
1095 2155 1137 2160 —
1165 2146 1285 2171 cesare
1299 2135 1376 2171 LO.
1405 2154 1446 2160 —
1473 2136 1494 2170 3
1521 2135 1669 2170 vidisset

261 2186 390 2231 OPpV
412 2205 456 2211 —
481 2197 548 2222 nec
573 2198 602 2222 c.
628 2187 693 2232 Pp.
720 2208 765 2214 —
788 2188 812 2223 4
837 2188 891 2224 sil.
916 2191 957 2223 ut
980 2188 1027 2224 ab
1052 2200 1085 2224 o.
1111 2192 1135 2224 t.
1162 2189 1263 2224 iussit
1291 2188 1425 2234 OPPV.
1444 2209 1487 2215 —
1506 2190 1528 2223 5
1545 2193 1667 2224 tamen

258 2240 312 2284 Pp
361 2260 405 2266 —
454 2240 653 2285 proditores
681 2241 811 2286 OPpV.
849 2261 892 2268 —
931 2243 952 2277 6
978 2245 1167 2287 uestreque
1202 2242 1241 2279 O.
1280 2263 1326 2269 —
1377 2243 1421 2278 10
1445 2253 1666 2287 quamquam

261 2293 359 2329 Com’.
386 2294 486 2336 (qu)
513 2304 693 2339 quamque
718 2295 769 2337 L,
801 2305 867 2331 nec
892 2295 1069 2331 maiestati
1100 2299 1218 2332 vestre
1243 2296 1435 2341 quicquam
1462 2308 1495 2331 o.
1521 2296 1544 2331 l.
1571 2297 1593 2331 f.
1620 2296 1666 2331 sit

258 2347 368 2382 latere
391 2357 497 2392 posse
534 2358 582 2384 er.
611 2347 744 2393 OPpV.
784 2367 827 2376 —-
868 2349 910 2384 13
936 2349 1076 2385 Etenim
1115 2351 1148 2384 L
1186 2368 1228 2374 —
1265 2349 1481 2394 dolopathus
1519 2351 1582 2394 Pp.
1623 2368 1665 2374 —

261 2400 304 2435 14
329 2410 382 2435 ex.
407 2401 498 2444 fehlt
523 2401 555 2436 L
580 2420 626 2427 —
650 2401 850 2438 contulistis
870 2402 1002 2447 OPpV.
1029 2422 1072 2428 -—
1102 2402 1376 2447 101mmfe1slt
1401 2403 1442 2438 L.
1470 2422 1513 2428 —
1543 2403 1587 2437 18
1606 2403 1667 2438 fin.

258 2464 299 2489 ac
324 2453 460 2490 vicinas
484 2455 555 2500 Pp3
580 2454 619 2490 in
644 2454 822 2491 subiectas
846 2456 1006 2501 singulas
1036 2456 1185 2492 vicinias
1208 2456 1431 2492 debachatur
1458 2456 1498 2497 Ο,
1525 2457 1560 2491 in
1586 2456 1668 2491 sub

258 2507 368 2543 iectas
393 2507 530 2544 vicinas
554 2508 759 2553 prouincias
784 2509 1005 2546 debachatur
1036 2511 1076 2546 V.
1113 2531 1157 2536 —
1198 2510 1241 2545 19
1266 2510 1411 2546 infestat
1450 2511 1534 2555 01²1>
1544 2511 1582 2545 V.
1625 2529 1665 2536 ——

259 2561 305 2596 20
328 2560 471 2606 iniquos
496 2562 530 2597 d.
555 2562 610 2607 Pp
635 2581 679 2587 --
703 2562 891 2607 ingeneres
923 2564 963 2598 V.
989 2584 1034 2590 —
1060 2564 1102 2599 21
1131 2564 1153 2599 i.
1180 2575 1207 2599 s.
1234 2563 1312 2599 exh.
1339 2574 1391 2608 gr.
1417 2564 1507 2608 fehlt
1535 2564 1667 2609 OPpV.

260 2634 302 2639 —
318 2614 362 2649 22
388 2614 603 2661 supplicium
617 2616 660 2652 L.
678 2636 722 2642 —
740 2616 785 2651 23
803 2627 877 2662 per.
894 2619 930 2652 et
947 2616 1076 2653 occidit
1098 2618 1175 2653 OV.
1191 2638 1236 2644 -
1249 2618 1295 2653 25
1319 2618 1398 2653 suff.
1416 2618 1505 2662 fehlt
1531 2618 1619 2662 LPp
1627 2618 1667 2652 V.

260 2687 302 2692 —
330 2668 373 2703 27
400 2678 649 2714 uanarumque
674 2669 716 2704 L.
746 2688 789 2695 ——
813 2670 860 2706 28
884 2670 959 2706 mil.
985 2670 1097 2707 nimia
1121 2671 1222 2707 mult.
1252 2672 1289 2707 O.
1328 2689 1369 2697 —
1405 2672 1451 2707 30
1475 2671 1561 2707 illud
1591 2671 1667 2706 OV.
