1806 3022
755 234 1001 272 ..5.-

180 344 389 384 bestiarum
426 345 562 384 imitari
600 349 637 385 et
672 344 794 395 magis
831 344 1011 396 tigridum
1051 358 1179 386 mores
1223 346 1330 386 sactis
1373 346 1587 398 exprimere

180 417 295 455 quam
325 404 530 445 humanos.
570 404 659 444 Non
688 404 791 444 enim
820 406 1031 445 redimebat
1059 418 1198 445 aurum
1226 406 1287 445 uel
1316 412 1518 456 argentum
1547 406 1585 445 in

179 464 321 504 scelere
339 464 637 516 deprehensum,
666 477 744 503 non
765 465 978 504 amicorum
997 466 1121 513 turba,
1152 478 1230 505 non
1251 465 1449 516 sanguinis
1479 466 1586 504 nobi·

180 522 266 563 litas
293 523 399 563 illum
418 523 655 572 absumebat,
684 523 771 563 licet
798 524 918 563 eciam
947 525 994 564 de
1013 523 1130 575 regali
1159 524 1307 564 semine
1335 530 1442 564 ortus
1470 530 1585 571 esset,

180 583 271 633 quin
301 582 429 623 statim
462 579 622 634 dignum
659 583 767 623 factis
803 584 882 623 suis
921 584 1148 635 supplicium
1186 584 1397 624 sortiretur.
1452 583 1586 634 Neque
1632 586 1657 624 5

181 642 255 682 iam
283 647 408 682 tutum
428 647 509 682 erat
527 642 667 682 latroni
695 642 757 682 uel
777 643 951 683 malefico
978 643 1018 682 in
1038 643 1215 683 uastitate
1234 642 1450 683 solitudinis
1477 643 1586 682 habi-

180 707 272 749 tare,
302 713 379 741 non
408 713 587 749 cauernu,
616 714 695 741 non
726 702 864 742 fissura
898 708 1004 754 petre
1031 702 1138 742 illum
1173 715 1354 742 securum
1390 702 1586 749 reddebat,

179 761 272 800 dum
299 760 398 800 sicut
415 760 595 800 columba
612 761 844 813 accipitrem,
874 762 925 801 ita
944 775 1074 813 regem
1102 762 1188 802 licet
1216 762 1255 801 in
1284 766 1456 801 extrema
1481 766 1588 812 parte

179 819 286 871 regni
325 819 384 859 sui
430 820 596 871 positum
637 833 707 860 sue
747 821 831 860 neci
873 834 1025 873 semper
1071 822 1330 873 suspicaretur
1371 820 1585 860 imminere.

179 878 392 918 Caesabant
418 891 509 930 ergo
544 879 755 928 latrocinia,
792 880 981 920 maleficia
1017 881 1277 932 sopiebantur,
1313 879 1587 931 conuersisque
1610 882 1659 919 10

178 938 227 978 ad
245 937 404 978 meliora
422 938 571 988 studiis,
601 939 664 990 qui
684 941 732 979 de
751 940 887 991 rapina
906 953 1119 992 pauperum
1147 946 1259 980 antea
1281 939 1414 980 uiuere
1441 940 1587 979 solebat

178 998 362 1048 ingratus,
391 997 469 1037 iam
489 1003 620 1038 mente
638 998 750 1039 hilari
769 1000 816 1039 de
844 1001 952 1040 lucro
979 1001 1133 1052 proprio
1161 1012 1369 1050 pauperem
1398 1004 1587 1039 sustenta·

178 1058 256 1096 bat.
292 1056 385 1097 Erat
402 1057 508 1098 enim
535 1071 695 1098 necesse
713 1059 867 1099 cuilibet
884 1059 1059 1099 malefico
1078 1072 1199 1099 unum
1220 1072 1267 1098 ex
1297 1059 1419 1098 tribus
1438 1058 1587 1110 eligere,

180 1116 281 1167 quod
308 1116 453 1157 euitare
482 1129 561 1157 non
590 1123 758 1169 poterat:
794 1124 859 1158 aut
888 1132 1016 1158 mores
1045 1118 1220 1158 uidelicet
1258 1130 1400 1169 prauos
1437 1122 1588 1157 mutare

179 1174 217 1215 in
237 1175 387 1224 melius,
416 1182 483 1216 aut
501 1189 631 1229 regem
650 1177 889 1229 patriamque
908 1179 1014 1218 uelut
1032 1178 1243 1217 immanem
1271 1178 1400 1228 sugere
1419 1177 1585 1225 beluam,
1611 1178 1658 1216 15

178 1239 244 1275 aut
270 1235 407 1275 mortis
435 1236 565 1276 subire
593 1237 835 1288 supplicium.
874 1237 1082 1277 Excolebat
1109 1250 1199 1288 ergo
1227 1250 1339 1288 agros
1368 1250 1461 1276 suos
1488 1237 1587 1276 letus

178 1294 344 1346 agricola
372 1300 409 1335 et
437 1295 561 1335 uiator
588 1304 748 1336 securus
776 1297 846 1336 iter
875 1310 990 1336 suum
1019 1297 1236 1348 peragebat.
1291 1296 1370 1335 Iam
1401 1309 1479 1335 non
1506 1301 1587 1335 erat

179 1367 276 1405 opus
304 1354 406 1394 uallo
433 1355 495 1394 uel
522 1355 747 1404 munitione,
768 1369 856 1396 cum
886 1357 1014 1396 nullus
1033 1361 1134 1395 esset
1162 1355 1200 1394 in
1231 1355 1345 1394 totius
1373 1355 1479 1406 regni
1506 1354 1587 1394 lati-

103 1460 121 1467 s
179 1414 311 1453 tudine
348 1414 586 1465 depredator.
655 1415 752 1466 Juga
790 1416 982 1455 montium
1019 1415 1210 1455 uelleratis
1256 1414 1395 1454 ouibus
1428 1414 1588 1463 aliisque

179 1472 322 1512 diuersi
340 1473 493 1524 generis
510 1474 741 1514 animalibus
761 1475 1032 1527 operiebantur
1050 1480 1087 1514 et
1106 1475 1226 1514 ualles
1245 1473 1418 1525 frugibus
1437 1473 1586 1512 habun-
1608 1474 1659 1513 20

179 1532 334 1572 dabant.
370 1532 508 1572 Omnis
535 1533 686 1585 generis
711 1534 859 1585 lignum
878 1534 1003 1574 fructu
1031 1546 1146 1585 quem
1166 1539 1363 1585 pepererat
1389 1537 1587 1580 onustum,

180 1596 217 1630 et
245 1591 333 1630 uitis
361 1592 399 1631 in
429 1593 693 1632 sustentandis
720 1606 818 1643 quos
846 1594 1078 1644 produxerat
1105 1592 1347 1632 botrionibus
1375 1591 1585 1631 laborabat.

181 1650 442 1702 Replebantur
468 1651 608 1692 horrea
635 1652 841 1701 frumento,
871 1653 963 1692 uino
991 1658 1028 1692 et
1056 1653 1140 1692 oleo
1168 1652 1372 1692 torcularia
1399 1652 1587 1691 redunda-

181 1710 287 1757 bant,
313 1710 410 1750 lacte
428 1716 466 1751 et
483 1712 596 1752 melle
613 1712 797 1752 manabat
824 1712 939 1763 regio,
959 1717 996 1752 et
1015 1712 1254 1763 singulorum
1273 1711 1409 1750 domus
1429 1716 1587 1761 argento

180 1777 217 1811 et
243 1765 338 1811 au'ro
365 1771 684 1822 diuersarumque
717 1784 846 1811 rerum
885 1771 1001 1822 copiis
1035 1772 1256 1811 affluebant.
1311 1770 1398 1821 Ipsa
1435 1782 1588 1821 quoque
1606 1770 1657 1808 ⁶25

179 1830 369 1870 elementa
395 1830 495 1881 regis
522 1830 711 1870 uoluntati
746 1831 1031 1881 quodammodo
1069 1831 1248 1883 parencia
1283 1829 1336 1869 ita
1369 1835 1587 1880 temporum

180 1889 461 1929 uicissitudines
489 1890 768 1941 temperabant,
805 1895 847 1929 ut
874 1902 1028 1941 semper
1056 1895 1175 1929 estate
1216 1889 1278 1928 uel
1311 1889 1450 1939 hyeme
1486 1887 1589 1927 ueris

180 1947 402 2000 temperiem
432 1948 679 1997 exhiberent3
709 1962 875 2000 quorum
903 1949 1088 1989 beneficio
1124 1948 1248 1988 salute
1276 1948 1473 1996 continua,
1509 1947 1589 1986 uita

178 2008 360 2048 diuturna
409 2013 446 2048 et
496 2008 729 2048 fecunditate
768 2009 933 2048 filiorum
973 2009 1153 2048 homines
1186 2007 1424 2047 fruebantur.
1487 2006 1587 2055 Quid

179 2067 312 2118 plura?
349 2067 565 2107 Tantorum
594 2068 785 2107 bonorum
815 2080 1021 2118 rerumque
1048 2067 1284 2107 affluentiam
1312 2067 1426 2106 luxus
1454 2070 1491 2105 et
1510 2064 1587 2104 uite
1606 2066 1659 2103 30

178 2125 358 2178 superbia
385 2132 515 2166 secuta
542 2132 646 2166 sunt.
692 2126 793 2166 Nam
821 2140 911 2166 cum
939 2126 1179 2178 quiescerent
1204 2125 1338 2166 Martis
1364 2138 1484 2173 arma,
1513 2124 1588 2163 tela

179 2184 379 2236 Cupidinis
415 2191 453 2225 et
489 2191 614 2226 castra
642 2186 804 2226 Veneris
838 2186 967 2225 uiriles
1001 2185 1154 2225 animos
1193 2184 1443 2225 eneruabant.
1508 2182 1588 2222 Nec

179 2244 256 2284 iam
283 2249 365 2284 erat
391 2244 432 2284 in
460 2245 578 2284 armis
607 2258 767 2295 querere
803 2245 975 2296 gloriam,
1005 2244 1095 2295 quia
1123 2257 1259 2284 omnes
1287 2244 1336 2283 ad
1364 2242 1518 2283 delicias
1551 2247 1589 2281 et

178 2303 312 2343 molles
349 2308 514 2343 attactus
559 2305 837 2356 amplexusque
883 2304 1089 2343 mulierum
1130 2303 1255 2343 studia
1296 2301 1587 2342 conuertebant.

180 2361 353 2402 Ludebat
379 2363 532 2403 iuuenis
561 2376 648 2402 cum
668 2363 969 2411 adolescuntula,
999 2375 1093 2414 puer
1121 2375 1210 2402 cum
1229 2374 1349 2414 puero
1376 2360 1585 2408 iocabatur,
1605 2361 1657 2399 35

295 2440 319 2474 4
343 2440 457 2475 ullum
481 2440 557 2476 abs.
579 2441 654 2476 OV.
674 2460 716 2465 —-
735 2442 757 2475 6
783 2439 1031 2475 sollicitudinis
1056 2439 1102 2475 L.
1123 2459 1166 2465 —-
1192 2439 1215 2473 8
1238 2437 1339 2484 dum]
1362 2438 1459 2473 unde
1482 2437 1537 2482 Pp
1546 2437 1586 2478 V,

179 2493 349 2536 quoniam
374 2493 458 2529 inde
485 2494 524 2527 0.
563 2513 604 2518 —
646 2495 690 2528 10
713 2494 871 2529 latrones
895 2493 973 2528 latr.
1000 2494 1064 2537 Pp.
1103 2511 1145 2517 —
1188 2493 1227 2527 11
1255 2502 1290 2536 p.
1316 2491 1446 2527 amodo
1474 2490 1503 2526 O
1542 2508 1583 2514 —

179 2546 342 2581 solebant
379 2547 450 2582 alle
485 2547 574 2583 Hes.
611 2566 655 2572 —-
696 2548 737 2582 12
774 2547 865 2591 grati
903 2547 974 2581 iam
1011 2546 1082 2590 hyl.
1108 2557 1156 2580 m.
1190 2546 1221 2580 V
1256 2565 1303 2572 —
1338 2543 1586 2580 sustentabant

183 2599 260 2633 OV.
285 2619 328 2625 ——
370 2600 413 2634 19
437 2600 481 2635 al.
507 2600 657 2635 diuersis
681 2611 738 2635 an.
769 2600 900 2644 OPpV.
926 2618 971 2624 —
1009 2599 1055 2633 20
1090 2598 1238 2643 pethah.
1268 2598 1309 2632 V.
1347 2616 1390 2623 —
1429 2597 1475 2632 23
1498 2599 1584 2631 torc.

180 2652 270 2695 fehlt
300 2653 340 2695 V,
366 2653 495 2689 celatia
522 2653 563 2689 Ο.
609 2673 654 2678 -
700 2654 746 2688 32
771 2653 858 2688 Ven.
882 2653 972 2696 fehlt
1000 2653 1094 2696 OPp,
1132 2656 1167 2687 et
1190 2650 1436 2706 castrimargia
1459 2649 1523 2685 vir.
1558 2649 1588 2682 V

183 2706 458 2742 —euertebant
487 2707 618 2751 OPpV.
645 2727 689 2733 —
716 2707 762 2741 34
787 2706 914 2741 molles
937 2709 1038 2741 actus
1072 2705 1197 2750 OPpV
1220 2725 1264 2731 —
1290 2715 1327 2740 se
1353 2712 1457 2739 conu.
1490 2703 1529 2738 V.
