1800 2930
779 137 1052 178 -89-

212 249 385 301 opposite
411 252 551 291 domus
591 250 695 291 uidet
730 252 943 292 sedentem.
997 252 1124 301 Quem
1160 252 1298 293 iterum
1334 259 1450 305 atque
1485 254 1624 295 iterum

214 309 349 349 intuita
374 309 460 349 ilico
486 323 620 350 amore
647 310 747 350 illius
774 310 922 362 capitur
940 324 1011 351 nec
1038 313 1217 352 ardorem
1234 313 1300 352 diu
1319 326 1433 364 passa
1459 314 1624 354 libidinis

212 368 318 407 illum
346 381 467 409 manu
493 374 619 410 uocat.
673 369 844 409 Demittit
877 370 910 409 ei
945 383 1012 421 per
1039 370 1246 411 fenestram
1282 373 1480 420 cartulam,
1517 372 1624 424 ignes

213 440 304 467 suos
331 427 535 479 locumque
562 434 600 468 et
634 434 786 480 tempus
814 434 852 468 et
878 429 1016 469 horam
1054 435 1092 469 et
1125 431 1283 470 modum
1322 444 1398 482 quo
1434 431 1517 483 ipsa
1552 432 1624 471 sibi

212 486 313 537 loqui
341 487 433 526 uelit
451 486 729 535 continentem,
757 487 833 527 hoc
850 500 1083 528 ammonens
1110 501 1161 528 ne
1189 488 1299 528 alicui
1327 490 1427 529 dicat
1454 503 1526 530 nee
1553 490 1624 542 sig·
1669 494 1695 532 5

213 545 351 585 nificet.
405 546 599 587 Annuens
638 547 715 586 boc
753 546 816 585 ille
855 547 955 586 letus
995 547 1181 587 discessit.
1246 549 1314 588 Illa
1353 561 1446 588 uero
1484 550 1623 589 artium

211 617 370 644 suarum
397 618 479 644 non
507 605 699 645 inmemor
726 605 957 657 philosopho
983 618 1071 645 sero
1105 607 1280 646 redeunti
1316 607 1488 647 letiorem
1515 609 1624 648 solito

210 663 338 703 exibet
376 664 524 712 faciem,
561 664 736 715 astringit
776 665 1029 716 amplexibus,
1072 666 1212 706 osculis
1253 667 1456 716 demulcet,
1497 668 1624 708 uerbis

210 723 338 773 palpat
373 723 552 763 mollibus
588 736 756 774 eumque
791 724 948 764 tandem
985 724 1249 765 huiuscemodi
1286 725 1392 765 inani
1426 727 1623 766 detentum

208 781 331 822 leticia
370 782 578 823 fortissimo
617 783 781 823 inebriat
820 783 925 823 uino.
981 783 1082 832 Quid
1123 785 1259 835 plura?
1312 785 1526 825 Inebriatus
1562 786 1624 826 ille
1647 791 1696 829 10

209 854 349 881 somno
367 841 498 882 statim
516 842 703 893 premitur
720 842 841 893 graui,
870 842 1019 882 furatur
1046 842 1111 883 illa
1125 844 1287 892 clauem,
1308 850 1451 884 reserat
1470 845 1623 893 ostium,

208 900 324 940 currit
352 901 401 940 ad
428 914 545 940 suum
563 901 671 941 illum
689 901 871 941 iuuenem
894 915 1014 953 seque
1040 903 1105 942 diu
1124 903 1253 954 cupita
1271 903 1390 943 saciat
1417 904 1622 955 uoluptate.

207 958 363 999 interim
382 960 478 1000 dum
494 961 568 1000 hec
595 973 685 1000 cum
703 960 852 1000 amasio
870 966 1100 1010 remoratur,
1128 962 1279 1014 euigilat
1299 963 1361 1002 ille
1379 962 1457 1002 iam
1477 962 1624 1014 digesto

206 1018 311 1067 uino,
349 1033 391 1059 se
424 1020 475 1060 ab
503 1032 623 1060 uxore
654 1020 859 1072 deceptum
892 1021 1005 1061 dolet.
1062 1021 1192 1072 Surgit
1232 1022 1363 1061 statim
1405 1028 1442 1061 et
1483 1022 1622 1062 ostium

206 1078 421 1119 fortissimis
439 1079 629 1131 repagulis
646 1079 839 1119 introrsus
865 1080 1004 1127 firmat,
1034 1093 1084 1120 ne
1102 1082 1272 1121 adultere
1290 1086 1417 1132 pateat
1444 1081 1621 1121 introitus
1646 1086 1693 1124 15

206 1138 392 1178 redeunti.
448 1139 621 1180 Reuersa
659 1139 724 1179 ina
764 1139 907 1179 ostium
948 1145 1119 1179 seratum
1159 1140 1363 1191 uirumque
1402 1140 1622 1191 uigilantem

206 1196 366 1237 inuenit.
421 1197 606 1238 Precibus
633 1211 740 1250 ergo,
778 1198 939 1238 uocibus
968 1199 1076 1249 quasi
1112 1199 1325 1239 lacrimosis
1362 1200 1543 1239 maritum
1581 1205 1622 1238 ut

205 1255 278 1296 sibi
305 1256 452 1309 aperiat
484 1258 623 1309 pulsat,
661 1258 858 1309 spondens
898 1271 1056 1298 omnem
1083 1259 1393 1298 emendationem
1436 1258 1515 1297 uitii
1552 1271 1621 1309 pro

205 1328 283 1366 quo
310 1329 467 1368 egressa
493 1317 628 1357 fuerat.
683 1317 806 1368 Negat
832 1317 894 1357 ille
930 1317 1131 1357 introitum
1157 1317 1293 1357 iurans
1327 1319 1431 1369 quod
1467 1330 1554 1357 eam
1581 1317 1618 1356 in

205 1375 418 1416 crastinum
445 1381 489 1416 ut
515 1376 728 1416 adulteram
757 1389 889 1416 coram
917 1376 1051 1416 amicis
1078 1383 1116 1417 et
1142 1377 1330 1417 iudicibus
1358 1378 1523 1417 traderet
1553 1389 1621 1428 pu·
1639 1381 1693 1420 20

204 1434 398 1476 niendam.
436 1436 488 1476 At
505 1435 569 1476 illa
594 1436 634 1476 in
654 1436 879 1487 proximum
899 1442 1059 1487 puteum
1078 1450 1121 1476 se
1139 1437 1430 1477 submersuram
1449 1437 1622 1476 clamans

204 1494 369 1546 lapidem
396 1508 583 1546 magnum
610 1495 651 1535 in
671 1495 803 1547 ipsum
822 1495 967 1546 proicit,
995 1509 1038 1536 se
1057 1509 1150 1536 uero
1177 1497 1251 1536 sub
1269 1497 1470 1536 cuiusdam
1497 1500 1622 1535 statue

203 1553 344 1593 umbra
369 1554 582 1595 abscondit.
623 1555 746 1595 Porro
766 1555 1020 1607 philosophus
1048 1555 1179 1595 audito
1198 1555 1326 1595 sonitu
1354 1561 1495 1607 putans
1517 1554 1621 1594 illam

203 1625 296 1653 uere
321 1613 443 1665 mergi
471 1614 614 1654 ostium
641 1614 815 1654 concitus
834 1615 968 1666 aperit,
996 1615 1114 1654 currit
1131 1615 1180 1654 ad
1199 1620 1359 1666 puteum
1377 1614 1620 1664 demissoque

203 1671 330 1712 telone
356 1685 520 1712 uxorem
547 1673 711 1714 liberare
746 1679 920 1713 conatur.
977 1673 1054 1713 Sed
1094 1675 1188 1714 dum
1228 1674 1292 1714 hic
1326 1674 1426 1713 circa
1462 1678 1619 1725 puteum
1639 1679 1690 1718 25

202 1730 351 1771 laborat
376 1732 530 1781 frustra,
569 1732 634 1772 illa
659 1738 818 1785 repente
851 1733 1010 1772 domum
1046 1733 1163 1773 insilit
1189 1733 1405 1784 clauditque
1440 1746 1484 1773 ac
1519 1737 1620 1772 serat

202 1790 356 1839 ostium,
393 1790 522 1831 uirum
557 1793 605 1832 de
631 1792 815 1832 omnibus
849 1805 1037 1832 accusans
1065 1793 1113 1833 de
1140 1793 1280 1844 quibus
1317 1793 1401 1845 ipsa
1434 1792 1619 1831 debuerat

200 1851 384 1891 accusari.
419 1851 609 1903 Deceptus
636 1865 726 1903 ergo
755 1851 1007 1903 philosophus
1034 1865 1197 1892 uxorem
1225 1865 1338 1892 uersa
1364 1852 1450 1891 uice
1477 1857 1519 1891 ut
1545 1851 1616 1891 sibi

200 1910 345 1961 aperiat
371 1923 507 1961 rogare
533 1910 694 1962 cogitur,
724 1911 924 1963 spondens
950 1911 1057 1962 prius
1085 1912 1187 1962 quod
1215 1924 1430 1962 numquam
1457 1924 1543 1950 eam
1571 1911 1619 1950 de

201 1974 327 2008 cetero
354 1969 566 2010 recluderet
584 1974 651 2010 aut
669 1975 841 2010 seruaret
858 1970 1033 2010 inuitam.
1071 1970 1221 2021 Vixque
1239 1971 1382 2010 intrare
1408 1970 1617 2022 permissus
1636 1978 1689 2017 30

201 2028 343 2068 ostium
370 2028 502 2068 statim
528 2029 741 2081 turrimque
766 2029 893 2077 diruit,
922 2029 1032 2069 uxori
1060 2030 1158 2069 dans
1186 2029 1378 2070 licentiam
1405 2028 1521 2069 eundi
1540 2041 1617 2079 quo

321 2197 336 2232 1
373 2207 456 2243 opp.
479 2197 572 2241 fehlt
606 2198 738 2243 OPpV.
781 2218 821 2225 -
861 2199 884 2234 Ξ
908 2199 984 2234 ard.
1009 2210 1075 2234 sue
1105 2210 1139 2244 p.
1163 2199 1225 2234 lib.
1254 2199 1387 2243 OPpV.
1420 2218 1467 2223 —-
1499 2200 1523 2233 5
1548 2198 1616 2234 hoc

199 2261 310 2285 amm.
329 2277 338 2285 .
358 2277 368 2285 .
385 2277 395 2286 .
419 2250 499 2296 sign
524 2251 615 2295 fehlt
639 2252 685 2287 L.
719 2271 764 2276 —
801 2253 824 2286 6
847 2251 987 2287 Annuit
1010 2252 1071 2288 ille
1094 2252 1170 2288 etl.
1187 2252 1221 2288 d.
1241 2251 1432 2296 OPpV.—
1451 2253 1473 2286 9
1490 2263 1524 2296 p.
1542 2262 1616 2287 me-

199 2303 351 2339 lioribus
378 2304 473 2349 opp.
499 2325 544 2331 —
573 2305 612 2339 11
640 2315 794 2350 sompno
819 2308 863 2341 st.
879 2316 932 2350 gr.
957 2305 1181 2341 obdormiuit
1204 2305 1228 2341 s.
1256 2304 1393 2350 OPpV.
1419 2324 1461 2330 —
1491 2305 1533 2340 12
1558 2315 1616 2340 cu-

197 2356 282 2403 pida
305 2356 403 2402 01²1».
430 2378 474 2384 —
502 2358 547 2393 13
570 2362 775 2394 moraretur
802 2359 935 2403 OfpV.
962 2378 1006 2385 -
1041 2359 1086 2394 14
1108 2358 1230 2394 statim
1257 2359 1358 2394 Coni.
1376 2359 1458 2396 Ea:
1493 2362 1616 2393 tamen

197 2411 256 2445 die
279 2411 367 2446 Hes.
404 2429 447 2436 —
483 2412 527 2447 15
552 2411 577 2446 s.
593 2422 669 2456 rep.
685 2412 709 2447 i.
726 2412 816 2456 fehlt
838 2413 895 2457 Pp
924 2433 971 2440 —
1001 2412 1185 2458 ingressus
1212 2412 1351 2457 OPpV.
1376 2432 1422 2438 —
1451 2413 1493 2446 16
1517 2411 1615 2447 rede-

196 2463 285 2499 undi
310 2464 353 2498 L.
378 2484 425 2490 —
452 2464 555 2508 16J17
573 2464 647 2509 uig.
660 2465 813 2501 offendit
837 2467 904 2510 Pp.
931 2484 974 2490 —
1003 2467 1048 2501 18
1071 2476 1129 2511 ap.
1146 2468 1248 2510 rogat
1276 2465 1412 2510 01701'.
1437 2485 1483 2491 —
1507 2465 1550 2499 21
1576 2474 1615 2499 se

195 2526 304 2552 mers.
332 2517 527 2562 oPpV.-
544 2518 652 2561 23124
671 2528 707 2563 p.
723 2517 1137 2564 tsemhmergiPp-
1149 2518 1299 2554 24dim.
1322 2528 1477 2553 rancore
1501 2518 1541 2559 0
1565 2517 1615 2551 di-

196 2569 378 2615 missaque
409 2570 512 2606 clave
543 2571 585 2606 V.
610 2590 658 2596 —
692 2571 737 2606 27
761 2574 933 2607 accusant
959 2571 1039 2608 ΟΥ.
1071 2590 1120 2597 -
1152 2571 1199 2606 29
1222 2582 1280 2617 ap.
1306 2571 1446 2615 rogavit
1478 2569 1520 2612 Ο,
1556 2580 1612 2615 ap.

195 2630 322 2668 rogare
345 2623 438 2669 cepit
470 2624 509 2660 Υ.
543 2643 586 2650 -
622 2625 671 2660 30
694 2624 777 2660 recl.
800 2628 864 2660 aut
886 2625 977 2668 fem
1004 2624 1141 2670 OPpV.
1166 2645 1211 2651 —
1243 2625 1284 2659 31
1312 2623 1448 2659 dirimit
1476 2624 1612 2668 Pp.—
