1800 2930
768 163 1041 203 —26-

201 279 411 319 aduenerat
430 278 645 327 multitudo,
674 283 717 318 ut
745 291 816 318 nec
843 278 964 319 eciam
984 278 1142 319 terciam
1171 283 1318 330 partem
1342 291 1476 318 eorum
1504 281 1613 318 tanta

202 338 337 378 ciuitas
365 343 594 389 tantumque
622 337 807 390 palatium
835 351 971 389 capere
999 343 1140 390 posset,
1169 339 1236 378 sed
1265 338 1387 389 sparsi
1415 350 1482 389 per
1510 350 1611 377 cam-

201 410 340 449 porum
368 397 569 449 planiciem
597 397 637 436 in
667 397 826 437 circuitu
854 397 1018 437 ciuitatis
1046 403 1083 437 et
1111 398 1150 437 in
1180 397 1353 437 tentoriis
1379 396 1610 436 habitarent.

202 457 334 508 Legati
352 462 483 497 autem
510 456 587 497 iam
617 457 806 509 penetrati
834 457 1000 496 Siciliam
1028 471 1118 497 cum
1146 457 1193 497 ad
1222 458 1415 508 quoddam
1443 461 1611 496 castrum

155 517 182 556 5
201 517 304 567 quod
318 517 452 556 decem
473 530 496 556 a
510 517 675 556 Palerno
696 516 860 556 distabat
874 516 1029 556 milibus
1044 516 1323 568 peruenissent,
1343 515 1395 555 ibi
1413 515 1611 566 paululum

202 576 442 627 quiescentes
470 577 549 628 regi
577 590 644 628 per
673 576 855 615 nuntium
882 577 1169 616 mandauerunt
1204 581 1246 616 ut
1281 576 1442 627 stipatus
1476 587 1611 626 regum

200 641 237 675 et
256 635 473 687 principum
493 649 654 675 suorum
672 635 918 675 multitudine
937 635 1014 675 filio
1042 649 1113 675 suo
1133 640 1348 675 occurreret
1374 633 1610 674 aduentanti.

201 692 384 783 Cognito
413 708 481 735 rex
510 696 681 735 aduentu
700 694 702 696 ’
724 695 789 735 filii
818 709 936 746 supra
963 695 1001 735 id
1030 696 1133 746 quod
1162 695 1234 734 dici
1262 699 1387 746 potest
1414 694 1611 744 exhylara-

280 759 342 794 tus
361 767 429 806 per
444 754 669 794 uniuersam
688 755 772 794 ilico
793 754 986 794 ciuitatem
1006 754 1183 805 preconis
1202 767 1299 794 uoce
1324 753 1481 794 clamari
1508 753 1614 792 iubet

131 807 182 847 10
199 818 242 853 ut
270 826 406 853 omnes
435 827 544 865 reges
581 819 618 853 et
653 813 844 865 principes
873 819 910 853 et
943 813 1175 864 quicumque
1209 814 1256 853 de
1290 812 1443 853 militari
1478 812 1612 861 ordine

200 878 343 921 essent,
372 872 437 912 filii
465 886 619 924 quoque
656 873 843 912 nobilium
872 886 895 912 a
923 878 1060 923 quarto
1094 872 1241 912 decimo
1275 886 1380 913 anno
1417 877 1454 912 et
1481 885 1612 923 supra,

200 933 268 972 sed
296 937 334 971 et
353 937 531 972 matrone
551 932 700 972 nobiles
728 945 773 972 ac
792 932 961 983 uirgines
990 933 1169 972 decenter
1188 937 1322 972 ornate
1340 932 1379 972 in
1399 931 1611 972 crastinum

199 991 290 1031 foris
318 997 471 1042 portam
490 992 710 1032 Romanam
737 992 1002 1039 conuenirent,
1031 991 1189 1031 obuiam
1207 991 1295 1031 ituri
1322 991 1399 1031 filio
1425 1005 1449 1031 a
1476 991 1612 1031 studiis

199 1051 420 1092 reuertenti.
490 1052 599 1091 Iubet
642 1052 757 1091 etiam
798 1051 1000 1103 preconari
1040 1055 1083 1091 ut
1125 1051 1303 1102 quicquid
1337 1051 1377 1090 in
1413 1063 1508 1090 auro
1549 1050 1612 1090 uel

130 1111 181 1151 15
200 1115 360 1162 argento
379 1110 620 1161 gemmisque
648 1124 692 1151 ac
711 1111 872 1151 diuersis
900 1111 1032 1162 palleis
1051 1111 1269 1162 preciosum
1298 1110 1463 1150 inueniri
1481 1115 1612 1162 posset

199 1169 240 1209 in
270 1169 422 1209 ciuitate
449 1170 618 1210 crastino
645 1170 686 1210 in
713 1170 775 1210 uia
804 1171 982 1210 Romana
1008 1184 1030 1209 a
1065 1176 1174 1222 porta
1198 1183 1321 1221 usque
1353 1171 1402 1210 ad
1429 1169 1611 1221 palatium

199 1228 239 1268 in
267 1230 458 1269 honorem
477 1229 626 1269 Lucinii
654 1230 899 1269 exhiberetur
918 1231 1128 1280 eademque
1156 1229 1221 1269 uia
1248 1229 1379 1281 palleis
1407 1228 1612 1279 sericisque

200 1288 362 1328 diuersis
389 1289 582 1329 coloribus
611 1294 858 1337 sterneretur,
888 1302 938 1328 ne
967 1289 1057 1340 quid
1086 1294 1197 1340 turpe
1225 1290 1287 1328 uel
1315 1289 1445 1328 fedum
1478 1288 1611 1328 oculos

201 1348 411 1388 offenderet
437 1348 633 1388 intuentis.
690 1349 781 1388 Erat
815 1354 907 1388 tunc
935 1348 1065 1388 uidere
1101 1349 1150 1388 ad
1178 1361 1315 1388 uocem
1343 1347 1519 1399 preconis
1555 1352 1612 1387 to-

127 1407 182 1447 20
199 1412 279 1447 tam
308 1409 496 1447 resultare
531 1408 691 1447 uocibus
729 1407 935 1455 ciuitatem,
970 1408 1062 1447 hinc
1105 1408 1271 1448 corizare
1304 1407 1487 1459 uirgines,
1520 1406 1613 1447 hinc

197 1467 460 1507 adolescentes
489 1468 693 1515 colludere,
727 1468 819 1507 hinc
847 1467 1056 1507 mimorum
1091 1467 1405 1518 saltatricumque
1440 1466 1611 1518 plausus,

196 1526 290 1566 hinc
316 1526 556 1566 musicorum
593 1527 945 1566 instrumentorum
980 1527 1296 1578 concrepantium
1332 1526 1537 1566 melodiam
1571 1525 1611 1565 in

197 1587 318 1626 altum
345 1586 444 1626 ferri.
503 1587 767 1638 Preparabant
796 1586 909 1638 igitur
938 1599 979 1626 se
1008 1586 1135 1626 cuncti
1163 1586 1203 1626 in
1231 1599 1436 1626 occursum
1464 1584 1612 1626 Lucinii

197 1650 235 1685 et
261 1645 352 1685 illud
381 1645 592 1685 crastinum
620 1659 709 1685 cum
744 1659 886 1697 magno
915 1645 1102 1700 desiderio
1142 1646 1408 1698 expectabant,
1442 1644 1613 1685 maxime

124 1704 179 1744 25
198 1718 292 1744 uero
320 1705 545 1756 uirguncule
573 1711 611 1745 at
639 1705 912 1745 adolescentuli
940 1718 1108 1756 quorum
1137 1711 1218 1746 etas
1253 1705 1376 1756 magis
1404 1705 1612 1745 delectatur

197 1765 435 1816 spectaculis.

198 1822 319 1913 Cum
346 1824 459 1875 igitur
487 1825 645 1864 Phebus
674 1824 798 1864 noctis
828 1824 991 1864 obscure
1020 1823 1189 1876 depulsis
1217 1823 1386 1863 tenebris
1414 1822 1524 1862 letior
1551 1835 1610 1862 so-

277 1883 342 1923 lito
370 1897 533 1924 aureum
575 1884 686 1923 terris
723 1884 833 1923 iubar
876 1897 1064 1935 spargens
1102 1887 1276 1934 optatum
1311 1895 1382 1922 sua
1418 1881 1612 1933 presentia

197 1943 410 1983 crastinum
443 1943 683 1991 illustrasset,
719 1948 871 1994 gratum
908 1943 1037 1984 cuncti
1065 1956 1274 1995 sompnum
1310 1942 1527 1994 propellunt
1560 1941 1610 1981 ab

123 2000 180 2040 30
198 2002 316 2043 oculis
345 2007 382 2043 et
400 2016 443 2043 se
462 2003 645 2043 festinant
662 2003 701 2042 in
722 2016 930 2042 occursum
949 2002 1097 2043 Lucinii
1125 2015 1344 2055 preparare.
1381 2001 1483 2041 Hinc
1501 2014 1610 2052 reges

198 2075 243 2102 ac
270 2061 461 2114 principes
501 2076 692 2115 purpuras
730 2075 821 2102 suas
858 2063 1010 2111 uestire,
1052 2075 1190 2103 aureas
1225 2061 1411 2114 capitibus
1445 2073 1610 2100 coronas

198 2123 370 2174 colloque
410 2127 565 2174 torques
604 2126 784 2173 coaptare
826 2123 995 2171 student,
1032 2121 1122 2163 inde
1170 2135 1261 2162 uero
1301 2125 1478 2161 matrone
1519 2133 1608 2160 cum

318 2285 333 2319 1
363 2295 488 2320 eorum
512 2285 604 2328 fehlt
626 2285 672 2322 L.
712 2305 756 2311 -—
790 2285 814 2319 4
838 2283 911 2320 iam
937 2282 1099 2328 peruenti
1127 2281 1170 2318 0.
1205 2302 1249 2308 -
1283 2282 1306 2317 5
1331 2293 1352 2316 a
1377 2292 1482 2326 passo
1507 2280 1609 2326 OPp,

195 2337 243 2373 ab
268 2338 356 2373 vrbe
388 2338 422 2372 V
443 2359 487 2364 —
522 2337 721 2374 distabatur
746 2338 780 2374 L
816 2358 860 2364 -—
895 2336 1095 2372 miliaribus
1128 2337 1167 2372 V.
1202 2356 1247 2362 --
1284 2335 1303 2370 7
1329 2334 1534 2370 aduenienti
1567 2335 1608 2370 V.

197 2412 242 2419 —
276 2391 300 2426 8
333 2391 411 2426 Rex
448 2401 667 2436 cognoscens
703 2391 899 2437 aduentum
939 2390 1080 2435 OPpV.
1106 2389 1160 2430 2—
1199 2390 1242 2424 13
1275 2389 1371 2424 foras
1404 2387 1531 2433 OPpV
1562 2408 1607 2415 —

196 2455 230 2491 p.
248 2444 382 2490 pariter
405 2455 436 2480 c.
463 2443 506 2490 Ο,
539 2455 574 2489 p.
598 2444 698 2479 vrbis
722 2455 751 2479 c.
785 2445 825 2479 V.
856 2464 900 2470 —
929 2443 973 2478 15
998 2442 1312 2478 diuersicoloribus
1339 2442 1438 2477 Gemi.
1470 2442 1536 2477 Eb.
1561 2462 1608 2468 —

200 2499 301 2542 15117
327 2508 422 2544 pree.
440 2525 448 2533 .
469 2524 478 2533 .
497 2523 505 2533 .
531 2497 655 2543 palleis
679 2497 769 2542 fehlt
797 2497 913 2532 durch
942 2497 1211 2541 Auqmepruny
1229 2495 1371 2541 OPpV.
1401 2516 1445 2521 —
1484 2496 1528 2530 19
1556 2495 1608 2530 in-

196 2555 338 2588 tuentes
355 2552 399 2588 P.
425 2571 471 2577 —
484 2552 531 2587 20
547 2551 704 2587 corizare
722 2552 766 2593 L,
793 2561 922 2586 ornare
940 2550 1018 2592 OV,
1044 2553 1170 2585 ornate
1190 2552 1255 2594 Pp.
1270 2570 1314 2576 ——
1328 2550 1370 2584 21
1391 2548 1558 2584 collidere
1574 2548 1610 2584 L

197 2626 242 2633 —
275 2605 377 2642 mim.
401 2605 614 2641 saltancium
642 2604 684 2641 O.
720 2626 765 2632 -
800 2605 845 2640 23
870 2604 1004 2640 lucinio
1032 2603 1173 2649 OPpV.
1208 2623 1253 2629 —
1288 2604 1333 2638 25
1363 2602 1609 2638 delectabatur

198 2658 340 2705 opPV.
365 2680 410 2687 —
436 2660 480 2695 27
507 2658 669 2695 obscuris
693 2658 860 2704 dispulsis
887 2658 963 2694 ΟΡ.
990 2678 1034 2685 -
1060 2658 1106 2693 29
1130 2656 1323 2693 illustraret
1349 2655 1487 2701 OPpV.
