1800 2930
828 171 1102 211 -38-

258 285 379 325 adieci
396 284 458 324 his
486 285 699 326 herbarum
728 299 854 334 sucos,
884 286 1178 334 incantationes,
1208 286 1407 334 ueneficia,
1437 286 1505 326 sed
1533 285 1574 325 in
1602 299 1682 326 cas-

259 358 359 392 sum,
398 345 487 396 quia
527 345 656 385 omnia
688 346 762 385 hec
797 351 840 385 ut
873 346 1056 397 stipulam
1093 346 1296 397 reputauit.
1374 345 1683 385 Adamantinum

259 403 450 455 siquidem
478 417 541 444 cor
573 405 655 444 eius
683 412 895 456 pectusque
915 405 1085 445 ferreum
1114 418 1186 445 nec
1213 404 1382 445 lacrimis
1411 410 1592 459 mouetur
1610 417 1684 444 nec

258 463 421 503 flectitur
440 464 618 515 precibus
638 477 711 504 nec
730 464 816 504 ullis
836 465 1048 504 herbarum
1069 466 1129 504 uel
1149 464 1459 504 incantationum
1487 463 1684 504 ueneficiis

190 524 215 562 5
260 528 477 575 superatur,
508 537 588 564 non
617 524 915 575 generositatem
944 537 1073 564 meam
1093 524 1268 572 attendit,
1299 538 1379 564 non
1408 523 1588 576 speciem⁷
1617 524 1686 564 sed

259 588 302 622 ut
329 583 549 623 ancillulam
586 583 626 622 in
655 584 758 623 mola
793 585 993 623 sedentem
1030 597 1094 623 me
1131 584 1384 636 contempnit.
1440 583 1521 623 Nec
1553 588 1685 623 tamen

262 643 311 682 ob
338 643 491 694 repulse
518 643 699 683 iniuriam
718 643 878 694 tepescit
905 656 1028 692 amor,
1057 644 1125 683 sed
1154 644 1276 694 magis
1296 644 1497 694 magisque
1526 648 1686 682 estuans

259 709 438 745 tenerum
475 702 559 742 sine
593 702 879 742 intermissione
914 703 1085 754 depascit
1119 704 1403 755 corpusculum.
1467 703 1687 754 Aliquando

261 762 378 802 etiam
927 795 932 803 ,

194 821 243 860 10
475 827 574 860 ‘nec
603 833 737 860 mens
766 820 912 860 michi
941 833 1034 860 nec
1063 821 1192 861 color

476 880 611 920 Certa
639 881 754 920 sede
781 885 994 928 manent,
1023 881 1195 920 humor
1224 885 1267 920 et
1295 879 1342 920 in
1371 894 1518 932 genas

476 940 655 979 Furtim
683 939 892 988 labitur,
921 953 1135 990 arguens

475 999 621 1047 Quam
647 999 796 1039 lentis
825 998 1017 1050 penitus
1046 1012 1257 1039 macerer
1285 998 1509 1050 ignibus?

262 1059 363 1107 Quid
391 1058 504 1110 igitur
533 1059 684 1106 faciam,
714 1060 816 1110 quod
845 1059 972 1098 maius
1000 1058 1219 1107 consilium,
1249 1072 1324 1110 que
1353 1058 1471 1098 michi
1499 1063 1587 1110 post
1614 1059 1688 1098 hec

195 1120 244 1159 15
264 1131 352 1170 spes
382 1118 517 1158 salutis
545 1118 678 1158 relicta
706 1121 791 1159 est?
848 1118 927 1157 Aut
955 1117 1059 1158 enim
1088 1118 1187 1158 mori
1217 1118 1334 1158 michi
1362 1123 1428 1158 aut
1456 1118 1568 1170 potiri
1598 1123 1690 1158 uoto

266 1191 424 1218 necesse
453 1183 523 1218 est.
565 1178 642 1218 Sed
670 1178 818 1218 facilius
847 1178 904 1217 sol
934 1178 1090 1217 solitum
1111 1178 1274 1218 mutabit
1302 1191 1461 1217 cursum
1491 1191 1607 1228 quam
1627 1178 1690 1217 hic

265 1239 314 1278 ab
343 1237 596 1278 obduratione
633 1237 776 1277 mentis
810 1238 975 1277 recedat.
1033 1238 1168 1277 Restat
1207 1237 1321 1289 igitur
1355 1242 1398 1276 ut
1437 1237 1686 1277 moriendum

265 1297 385 1338 michi
413 1299 473 1338 sit.

266 1357 387 1446 Hec
414 1358 547 1410 regina
574 1357 787 1410 interrupte
816 1363 852 1397 et
879 1357 1133 1397 immoderate
1162 1361 1204 1397 ut
1232 1356 1351 1396 moris
1388 1362 1446 1396 est
1474 1357 1689 1396 amantium

197 1418 251 1457 20
383 1419 601 1469 proferente
642 1431 722 1457 una
761 1418 978 1469 puellarum
1021 1430 1095 1468 que
1137 1417 1170 1456 ei
1208 1416 1431 1456 familiarius
1473 1416 1688 1464 inherebat,

266 1491 409 1529 magna
436 1478 577 1517 mentis
606 1477 787 1517 simulata
814 1477 1079 1529 indignatione
1106 1477 1171 1516 tali
1191 1476 1230 1516 in
1260 1489 1350 1516 eum
1379 1475 1597 1516 inuectione
1616 1488 1688 1515 usa

268 1542 342 1577 est:
385 1537 417 1577 O
451 1550 555 1586 uere,
590 1537 654 1586 ait,
693 1537 868 1576 omnium
911 1536 1136 1576 stultissima
1178 1536 1432 1586 omniumque
1469 1534 1688 1575 miserrima

268 1596 513 1645 feminarum,
543 1611 618 1648 que
645 1598 695 1636 ad
722 1602 873 1637 tantum
903 1598 1067 1636 dedecus
1097 1601 1134 1636 et
1161 1597 1210 1635 ad
1237 1601 1387 1635 tantam
1416 1593 1691 1635 contumeliam

269 1656 450 1696 deuoluta
477 1669 531 1705 es,
560 1662 602 1696 ut
630 1657 956 1708 pulchritudinem
977 1662 1097 1704 tuam,
1127 1655 1424 1707 generositatem
1453 1660 1559 1694 tuam
1581 1659 1692 1694 muto

196 1717 247 1757 25
269 1721 306 1755 et
333 1716 545 1756 insensibili
571 1722 708 1756 trunco
735 1716 994 1769 prostitueris;
1023 1715 1089 1766 qui
1118 1715 1189 1754 etsi
1208 1728 1326 1755 sensu
1346 1720 1383 1754 et
1411 1714 1540 1766 lingue
1569 1714 1693 1754 officio

271 1775 369 1815 sicut
386 1775 567 1816 homines
587 1776 702 1816 ceteri
721 1781 904 1824 uteretur,
925 1774 1033 1815 omni
1053 1781 1185 1815 tamen
1206 1775 1293 1815 odio
1314 1774 1382 1814 tibi
1403 1776 1695 1825 persequendus

272 1840 389 1876 esset:
420 1849 536 1886 quem
564 1836 741 1876 accersiri
768 1837 854 1876 ideo
883 1835 971 1876 fecit
999 1841 1121 1887 pater,
1151 1840 1193 1874 ut
1221 1835 1328 1875 hunc
1357 1847 1474 1884 supra
1503 1833 1694 1873 ceruicem

273 1900 381 1935 tuam
415 1909 548 1947 regem
589 1896 796 1936 constituat
836 1901 950 1947 teque
993 1900 1030 1935 et
1073 1894 1172 1935 filios
1213 1894 1246 1934 si
1283 1893 1464 1933 habueris
1516 1906 1540 1932 a
1574 1906 1695 1943 regno

276 1956 401 1998 Sicilie
446 1956 665 1996 exheredet.
739 1955 866 1995 Huius
907 1968 998 2007 ergo
1045 1967 1177 1995 amore
1218 1955 1379 2004 langues
1422 1958 1459 1992 et
1504 1952 1695 2002 torqueris

202 2017 255 2056 30
275 2016 543 2070 pulcritudine,
574 2029 691 2067 quem
719 2016 759 2055 in
786 2016 842 2055 tui
878 2021 1113 2065 tuorumque
1142 2012 1394 2065 obprobrium
1429 2017 1466 2052 et
1507 2011 1694 2051 iacturam

276 2077 408 2117 uiuere
435 2080 598 2124 constat,
642 2075 846 2128 presertim
885 2088 975 2115 cum
1012 2079 1120 2114 tuam
1161 2073 1323 2112 omnino
1364 2071 1548 2123 despiciat
1584 2071 1696 2122 inpu-

277 2136 471 2176 dicitiam?
498 2129 502 2132 ⁴
526 2135 633 2175 Muta
661 2135 776 2187 igitur
813 2134 989 2175 animum
1017 2133 1197 2184 uiresque
1234 2145 1390 2172 resume
1423 2136 1461 2171 et
1488 2131 1595 2170 hunc
1622 2131 1695 2169 ini·
1749 2178 1752 2180 ‚

277 2196 531 2236 micissimum
559 2195 629 2235 tibi
658 2208 796 2235 omnes
824 2193 966 2246 pariter
995 2194 1156 2246 perdere
1183 2192 1423 2232 festinemus.
1480 2190 1576 2230 Cras
1605 2203 1695 2230 cum

396 2310 419 2344 5
443 2320 519 2344 non
544 2320 596 2354 sp.
623 2319 689 2344 nec
715 2309 883 2344 decorem
900 2307 971 2342 OV
991 2327 1037 2333 -—
1062 2307 1125 2341 sed
1143 2309 1183 2341 ut
1208 2304 1377 2340 ancillam
1399 2303 1528 2348 OPpV
1551 2323 1596 2328 —
1613 2304 1636 2337 6
1661 2302 1697 2337 in

276 2363 375 2398 mola
398 2363 434 2397 id
460 2366 513 2397 est
538 2363 575 2397 in
599 2362 718 2408 lapide
742 2361 781 2398 V.
800 2380 846 2386 —
867 2361 909 2396 13
934 2360 1072 2395 lacerer
1092 2360 1177 2404 OPp
1187 2359 1228 2394 V.
1253 2377 1302 2384 —
1328 2358 1371 2392 16
1397 2359 1554 2392 mutaret
1585 2356 1625 2391 V.
1654 2374 1696 2380 -—

280 2417 322 2451 17
338 2427 385 2453 m.
399 2427 426 2451 S.
441 2427 532 2452 mor.
562 2416 636 2452 oV.
655 2436 702 2442 —-
717 2416 760 2450 21
781 2414 965 2450 stimulata
982 2413 1003 2448 i.
1027 2413 1126 2458 OpV
1141 2431 1184 2437 -
1205 2422 1309 2447 versa
1326 2413 1380 2446 est
1392 2411 1447 2455 Pp
1460 2429 1505 2435 —
1519 2409 1628 2452 22123
1653 2412 1696 2444 st.

278 2470 472 2505 mulierum
507 2473 543 2505 et
576 2471 741 2505 omnium
766 2469 846 2504 mis.
873 2478 944 2512 que
969 2467 1014 2502 ad
1038 2469 1063 2501 t.
1089 2468 1186 2502 cont.
1215 2466 1299 2510 OPp
1310 2466 1351 2500 V.
1379 2483 1424 2489 —
1450 2464 1496 2498 25
1521 2462 1606 2507 quia
1630 2462 1698 2497 etsi

279 2524 344 2568 Pp.
377 2543 414 2548 —
441 2524 485 2559 27
518 2524 598 2559 ideo
635 2524 725 2567 fehlt
753 2524 837 2567 opp
848 2523 889 2559 V.
923 2542 968 2548 —
1003 2521 1050 2556 29
1075 2519 1397 2556 exhereditandum
1426 2519 1465 2563 0,
1491 2517 1697 2552 exeundum

279 2577 346 2621 Pp,
376 2577 600 2612 exurendum
633 2577 672 2613 V.
698 2597 743 2603 —
767 2577 814 2611 30
834 2579 927 2611 tuor.
955 2574 1151 2620 perniciem
1176 2576 1212 2609 et
1228 2573 1310 2608 iact.
1331 2572 1463 2616 OPpV.
1478 2589 1522 2594 —
1541 2571 1583 2606 31
1606 2581 1697 2615 pres,

281 2632 404 2665 tamen
428 2641 511 2665 cum
540 2630 633 2675 OPp.
649 2630 753 2665 —32
779 2629 846 2665 uir.
873 2627 1018 2664 refrena
1049 2628 1089 2663 V.
1116 2648 1162 2654 —
1191 2627 1240 2663 in.
1266 2637 1330 2672 pre
1355 2625 1524 2661 omnibus
1549 2634 1625 2669 par.
1658 2624 1698 2661 V.

283 2701 320 2709 —·
351 2685 397 2719 33
434 2683 564 2720 festina
598 2685 641 2729 V,
666 2684 886 2719 sustinemus
912 2683 966 2727 Pp
989 2700 1035 2708 —
1062 2681 1153 2716 Cum
1178 2690 1306 2716 omnes
1331 2678 1480 2714 adunati
1509 2677 1642 2722 OPpV.
