1800 2930
623 234 951 274 v—37-

110 348 452 400 attrectationeque
479 349 738 389 uerendorum
774 349 963 389 uiolenter
990 349 1310 402 impudenterque
1346 356 1524 402 stuprum

109 408 234 459 exigit.
273 408 430 448 Interim
457 414 586 448 autem
606 421 736 460 regem
764 408 869 448 bono
887 409 1019 448 animo
1039 421 1126 449 esse
1145 409 1313 458 iubebat,
1342 422 1525 466 prospera

109 467 143 507 ei
170 468 218 507 de
245 467 405 507 Lucinio
433 467 630 508 nuntians.
668 467 824 508 quenis
851 480 946 507 uero
973 467 1203 508 existimans
1230 482 1317 509 eam
1346 481 1425 509 non
1445 475 1526 508 tam

107 527 351 594 depuduisse·
367 539 484 578 quam
504 539 659 567 uersam
687 526 726 566 in
751 526 957 574 insaniam,
984 540 1075 566 cum
1102 527 1263 567 horrore
1290 533 1327 567 et
1354 528 1523 579 indigna-

108 586 212 626 tione
249 586 432 653 maxima
454 599 543 626 eam
577 599 601 625 a
628 599 671 626 se
700 586 850 637 repulit.
905 586 985 625 Nec
1022 592 1151 626 tamen
1189 587 1343 654 repulsa
1382 587 1525 638 quieuit
1570 591 1596 628 5

107 718 336 757 semperque
363 705 558 756 repulsam
586 718 629 744 se
657 705 734 756 pati
762 705 874 745 dolet.
931 705 992 744 Ad
1028 706 1185 745 fortiora
1223 706 1315 745 item
1349 706 1524 746 incanta-

106 764 255 804 tionum
301 764 655 815 ueneficiorumque
701 764 863 804 recurrit
909 765 1061 811 auxilia,
1108 765 1275 804 consulit
1313 765 1523 804 herbarum

106 836 221 863 sucos
247 828 286 863 et
312 836 360 863 ex
387 823 460 862 hiis
501 829 636 875 potum
674 824 892 863 confectum
919 824 968 864 ad
1005 824 1216 864 bibendum
1243 824 1294 863 illi
1333 824 1522 876 propinat.

105 882 182 922 Sed
231 882 414 922 Lucinius
459 883 592 922 omnia
634 896 943 935 precognoscens
982 897 1093 923 more
1142 883 1286 935 aspidis
1331 885 1447 923 surde
1485 888 1522 923 et
1545 884 1595 923 10

104 941 320 982 obturantis
357 955 471 981 aures
520 955 611 982 suas
648 942 884 982 incantantis
903 943 1105 982 ueneficia
1143 956 1223 983 non
1261 942 1414 982 exaudit
1450 956 1523 983 nec

103 1006 237 1053 potum
265 1001 430 1040 admittit
457 1002 701 1041 amatorium.
757 1001 824 1041 llla
851 1015 944 1042 uero
974 1015 1046 1042 nec
1074 1016 1116 1042 se
1144 1003 1344 1054 preualere
1380 1002 1420 1042 in
1448 1003 1523 1042 hac

102 1065 211 1111 parte
238 1060 375 1100 uidens
403 1060 452 1100 ad
481 1073 614 1112 preces
648 1066 687 1100 et
713 1061 892 1101 lacrimas
919 1061 1060 1101 iterum
1096 1075 1140 1102 se
1168 1062 1368 1109 conuertit,
1402 1062 1522 1102 infeli-

102 1119 295 1159 cissimam
334 1118 668 1171 misen-imamque
705 1134 747 1160 se
784 1121 995 1172 proclamat
1029 1122 1218 1169 omnium,
1247 1135 1322 1173 que
1349 1122 1424 1161 fide
1450 1134 1522 1162 sua

101 1178 190 1219 talia
217 1184 421 1230 pateretur.
478 1179 563 1230 Ipse
599 1193 693 1219 uero
721 1193 794 1219 nec
820 1187 1001 1220 mouetur
1038 1181 1217 1232 precibus
1251 1194 1323 1221 nec
1352 1181 1514 1232 querelis
1538 1181 1587 1220 15

101 1251 174 1278 nec
200 1238 369 1278 lacrimis
396 1238 559 1278 flectitur
587 1239 803 1290 impudicis.

100 1296 284 1385 Regina
299 1297 413 1348 igitur
426 1310 515 1337 cum
531 1311 603 1338 nec
622 1298 676 1338 sic
690 1312 762 1338 nec
776 1299 831 1338 sic
841 1299 1042 1351 proficeret
1053 1313 1241 1350 amorque
1254 1299 1522 1340 uehementior

197 1357 279 1397 eius
301 1358 523 1409 depasceret
542 1358 689 1406 intima,
716 1359 765 1398 ad
784 1372 826 1399 se
844 1365 958 1399 uocat
986 1359 1131 1411 puellas
1159 1373 1319 1400 suorum
1347 1359 1520 1399 conscias

100 1422 338 1456 secretorum
375 1423 413 1456 et
452 1417 658 1468 alloquitur
693 1418 768 1458 hiis
814 1419 944 1458 uerbis
986 1419 1204 1459 ministras:
1258 1420 1292 1459 Ο
1328 1432 1517 1468 meorum,

100 1475 165 1523 ait,
193 1476 346 1516 conscie
374 1482 610 1516 secretorum
637 1490 801 1529 meeque
835 1478 1020 1518 felicitatis
1048 1479 1264 1530 participes,
1301 1492 1390 1519 ecce
1423 1480 1516 1518 dum
1536 1478 1591 1517 ΞΟ

100 1533 180 1586 regi
208 1535 359 1586 placere
386 1536 512 1588 cupio,
541 1537 634 1576 dum
664 1537 747 1577 eius
774 1537 910 1577 affecto
936 1538 1106 1589 graciam
1133 1540 1306 1589 dumque
1333 1538 1368 1578 ei
1395 1544 1438 1578 ut
1464 1538 1518 1578 ita

98 1593 227 1634 dicam
254 1608 417 1635 manum
446 1596 600 1648 porrigo
623 1596 879 1648 naufraganti,
908 1596 992 1649 ipsa
1010 1611 1165 1648 quoque
1191 1598 1347 1638 incauta
1374 1610 1516 1650 proruo

95 1652 137 1692 in
165 1653 414 1705 profundum,
453 1656 585 1706 sicque
621 1669 694 1696 nec
730 1656 837 1696 illum
866 1657 1039 1704 liberaui,
1076 1659 1144 1697 sed
1173 1658 1321 1709 perdidi
1355 1662 1515 1697 memet-

96 1713 233 1764 ipsam.
272 1713 365 1754 Eius
392 1715 535 1754 etenim
563 1728 767 1767 compassa
785 1716 907 1756 dolori
935 1716 1012 1756 filio
1039 1717 1232 1768 loquelam
1260 1717 1513 1769 promiseram

95 1785 161 1812 me
199 1772 252 1812 illi
299 1774 548 1822 reddituram,
586 1780 624 1815 et
663 1788 744 1815 non
784 1776 911 1815 solum
961 1778 1064 1827 quod
1105 1778 1391 1829 spoponderam
1433 1790 1511 1816 non
1533 1775 1585 1814 25

99 1832 263 1882 expleui,
291 1845 429 1872 uerum
458 1834 598 1885 potius,
638 1840 681 1874 ut
715 1835 763 1875 de
790 1835 939 1875 uiatore
966 1836 1081 1875 refert
1117 1837 1258 1885 sabula,
1293 1841 1512 1888 serpentem

93 1891 239 1942 glaciali
276 1892 402 1944 rigore
434 1898 651 1945 torpentem
692 1894 734 1933 in
771 1894 860 1934 sinu
907 1894 948 1934 in
989 1895 1064 1935 mei
1104 1896 1314 1948 perniciem
1347 1896 1511 1936 calefeci.

93 1950 290 1991 lntantum
323 1951 429 1991 enim
464 1952 548 1993 eius
574 1953 695 2004 flagro
731 1967 877 2002 amore,
912 1955 1107 1995 intantum
1140 1955 1223 1995 eius
1256 1955 1512 2007 pulcritudine

94 2009 257 2058 crucior,
284 2016 328 2050 ut
346 2010 464 2051 nichil
484 2011 702 2063 pulchrum,
724 2012 842 2053 nichil
860 2014 983 2062 dulce,
1012 2014 1130 2054 nichil
1159 2014 1369 2054 iocundum
1393 2015 1511 2055 michi

94 2074 221 2120 preter
247 2082 337 2110 eum
366 2070 407 2110 in
434 2071 571 2111 mundi
599 2072 744 2112 deliciis
773 2072 967 2113 uideatur:
996 2073 1094 2125 fugit
1119 2087 1271 2114 sonnus
1298 2074 1348 2114 ab
1376 2073 1508 2123 oculis,
1527 2071 1586 2110 30

92 2128 261 2168 deseruit
288 2128 397 2180 quies
417 2130 605 2178 membra,
635 2131 759 2171 tocius
786 2131 860 2171 eibi
880 2132 1053 2172 suauitas
1080 2138 1118 2172 et
1145 2133 1185 2172 in
1213 2133 1509 2173 amaritudinem

91 2192 130 2228 et
156 2186 195 2226 in
224 2188 420 2228 fastidium
440 2202 556 2230 uersa
573 2195 645 2238 est,
673 2203 829 2243 semper
855 2191 897 2231 in
916 2191 1024 2231 illum
1052 2205 1130 2241 cor,
1160 2206 1313 2244 semper
1331 2193 1371 2232 in
1399 2192 1509 2232 illum

92 2246 193 2286 oculi
219 2247 336 2287 etiam
362 2261 427 2288 me
453 2248 610 2289 nolente
637 2250 824 2291 feruntur.
879 2250 1036 2291 Pulsaui
1065 2251 1172 2291 illum
1201 2251 1392 2303 precibus.
1427 2252 1510 2303 pul-

90 2305 175 2346 saui
219 2306 400 2356 lacrimis,
447 2308 612 2359 querelis
653 2310 703 2349 ad
744 2309 1047 2351 misericordiam
1087 2311 1319 2351 flectendum
1360 2311 1508 2363 putaui,

207 2413 268 2456 213
291 2424 356 2448 rex
372 2414 535 2458 reginam
560 2414 596 2451 b.
613 2426 646 2451 a.
660 2416 875 2461 expectabat
890 2428 944 2462 pr.
961 2417 1007 2452 de
1031 2417 1054 2452 l.
1072 2417 1327 2453 nunciatur-am
1345 2418 1446 2463 OPp.
1462 2438 1506 2445 —-

89 2464 116 2500 4
136 2475 222 2501 enm
244 2467 378 2502 rubore
403 2468 474 2513 Pp.
500 2487 540 2494 -
569 2469 589 2504 7
616 2469 727 2505 forcia
755 2470 843 2515 ΟΡΡ
851 2472 892 2506 V.
910 2491 955 2497 —
980 2471 1004 2506 8
1027 2471 1203 2507 ueneficia
1226 2470 1324 2517 OPp.
1350 2489 1395 2495 —
1420 2472 1443 2506 9
1458 2471 1504 2506 ad

89 2518 181 2562 saltu
205 2519 238 2554 L
266 2539 301 2545 —
332 2520 537 2566 propinavit
563 2521 654 2567 01²1»
690 2541 735 2548 —
764 2523 806 2558 17
832 2534 900 2559 nec
917 2523 968 2559 sic
991 2524 1083 2567 fehlt
1108 2523 1244 2569 OPpV
1263 2543 1307 2549 —
1332 2524 1505 2569 proficere

97 2581 138 2608 ae
159 2571 297 2608 videret
323 2574 408 2610 OV.
434 2594 480 2601 —
509 2575 553 2611 18
575 2585 610 2620 p.
636 2586 665 2611 s·
690 2575 870 2612 comer-cia
894 2577 1005 2622 PpV,
1027 2588 1063 2622 p.
1087 2588 1116 2612 s.
1142 2578 1378 2613 commercius
1402 2577 1443 2614 0.
1458 2595 1503 2603 -

90 2624 136 2659 19
169 2626 491 2663 etathmm.
524 2628 620 2663 nach
652 2629 716 2671 St„
749 2640 778 2666 s.
810 2640 943 2675 easque
975 2630 1038 2665 sic.
1069 2630 1127 2666 all.
1162 2641 1198 2665 u.
1231 2632 1291 2665 die
1329 2631 1416 2666 Hae.
1458 2650 1501 2655 —

87 2677 137 2712 m
158 2679 377 2716 conscientie
411 2679 556 2717 LOPV.
589 2700 636 2707 —
669 2682 716 2717 23
747 2685 785 2717 et
817 2683 917 2727 perd.
941 2684 985 2719 L.
1021 2701 1067 2709 —
1105 2683 1152 2718 26
1188 2683 1258 2718 sert
1293 2682 1432 2728 oepv.
1456 2703 1501 2710 —

88 2729 136 2765 32
158 2740 335 2767 conuersa
357 2735 412 2768 eet
430 2733 475 2776 O,
498 2736 554 2769 est
576 2744 753 2771 conuersa
776 2735 938 2780 Pplz—
964 2735 1012 2771 34
1035 2735 1080 2771 ad
1105 2735 1286 2771 insaniam
1310 2736 1346 2771 ss.
1367 2736 1500 2781 OspV.
