1800 2930
775 143 1050 182 -56-

205 259 253 298 ad
282 271 424 309 regem,
454 262 657 298 narrantes
685 258 879 308 quomodo
915 271 981 297 eos
1009 258 1119 297 miles
1156 256 1252 296 albis
1281 257 1477 308 nigrisque
1504 257 1626 297 armis

205 317 353 370 partitis
381 317 604 368 decepisset.
656 317 874 369 Desperans
903 330 994 368 ergo
1034 317 1110 357 iam
1148 330 1214 356 rex
1251 329 1365 368 posse
1404 316 1621 367 recuperari

206 376 366 427 perdita,
395 381 433 416 et
461 376 585 416 furem
613 381 651 416 et
679 377 906 416 thesaurum
934 376 1100 416 cessauit
1129 389 1301 427 querere.

204 435 370 525 Vides,
400 450 423 476 o
449 449 530 485 rex,
560 437 736 487 quotiens
756 442 793 476 et
812 436 974 487 qualiter
992 450 1061 476 rex
1089 436 1161 476 iste
1180 437 1362 487 deceptus
1387 434 1446 475 sit.
1486 435 1627 475 Tantis

161 496 185 535 5
303 496 407 536 enim
434 496 659 550 ignorantie*
678 496 848 536 tenebris
884 497 1056 536 mundus
1084 496 1155 535 iste
1184 495 1416 540 obuoluitur,
1451 499 1494 534 ut
1530 508 1622 546 sepe

205 569 278 606 que
305 554 548 606 iniquissima
585 561 621 595 et
648 556 853 596 falsissima
887 560 990 604 sunt,
1028 555 1240 595 iustissima
1278 560 1315 594 et
1343 554 1544 594 uerissima
1570 554 1625 594 ab

203 614 428 654 hominibus
457 615 684 655 iudicentur.
741 615 801 654 Tu
837 628 928 666 ergo
956 615 1035 654 noli
1065 615 1180 654 nimis
1219 627 1423 665 properare
1462 614 1626 665 perdere-

204 674 338 723 filium,
368 674 458 725 quia
484 674 582 714 forte
608 675 704 714 latet·
727 675 892 725 quedam
919 674 1061 714 ueritas
1090 687 1164 724 que
1204 678 1242 713 te
1270 674 1318 713 ab
1347 673 1554 724 obprobrio
1583 678 1621 712 et

202 733 325 772 filium
353 738 463 773 tuum
483 747 506 773 a
524 739 649 773 morte
667 734 792 773 ualeat
811 733 984 773 liberare.
1023 734 1107 784 Ego
1125 733 1241 773 etiam
1261 746 1354 784 rogo
1373 738 1410 772 te
1438 732 1626 783 quatinus-

135 793 186 832 10
203 806 274 844 pro
302 793 477 844 exemplo
506 794 608 843 quod
637 793 703 832 tihi
732 793 872 844 protuli
901 793 1020 832 uitam
1049 793 1125 832 filio
1153 792 1382 831 hodiernam
1417 792 1622 840 concedas,

203 854 371 892 crastina
407 852 480 900 die,
518 851 593 892 nisi
629 852 763 892 melior
800 852 1067 904 superuenerit
1103 852 1269 899 fortuna,
1306 852 1479 891 facturus
1517 852 1622 902 quod

201 911 316 952 hodie
334 911 510 951 omisisti.
551 911 603 951 At
622 925 708 952 rex:
738 912 861 960 Certe,
891 912 955 960 ait,
987 925 1009 951 o
1029 912 1251 951 uenerande
1270 911 1439 962 sapiens,
1467 911 1619 961 magnis

202 971 235 1011 si
261 972 337 1011 hoc
365 971 526 1022 petisses
558 971 773 1011 honoribus
801 985 824 1011 a
851 985 914 1011 me
941 971 1122 1011 ditandus
1151 971 1291 1018 fueras,
1330 972 1397 1010 sed
1434 971 1616 1021 quoniam

202 1030 321 1070 uitam
350 1035 502 1070 tantum
530 1031 759 1071 hodiernam
787 1031 863 1070 filio
891 1031 1105 1082 postulasti,
1144 1031 1293 1081 nephas
1323 1031 1420 1069 duco
1451 1030 1517 1069 tibi
1544 1030 1625 1069 hoc

133 1096 182 1134 15
202 1091 403 1141 denegare.
448 1090 511 1130 Sic
539 1104 630 1141 ergo
649 1104 716 1130 rex
737 1104 824 1130 cum
845 1090 924 1130 filio
943 1091 1168 1141 cunctisque
1188 1090 1252 1141 qui
1271 1091 1431 1129 aderant
1459 1091 1619 1129 domum

201 1149 324 1197 rediit,
353 1154 391 1189 et
419 1149 575 1201 sapiens
603 1151 767 1190 salutato
794 1163 884 1201 rege
912 1150 1098 1190 discessit.
1124 1197 1129 1202 ,

203 1207 402 1298 Crastina
443 1209 582 1249 iterum
628 1210 700 1256 dio,
749 1223 838 1249 cum
882 1210 1034 1250 nullum
1074 1222 1143 1260 pro
1171 1209 1332 1248 Lucinio
1367 1209 1620 1249 intercederet

282 1269 542 1309 misericordie
583 1269 805 1317 consilium,
855 1282 923 1308 rex
967 1274 1003 1308 et
1044 1267 1237 1320 principes
1279 1268 1338 1307 sui
1381 1273 1620 1319 cunctusque

201 1329 367 1380 populus
395 1328 435 1368 in
465 1329 579 1381 priori
608 1329 764 1380 planitie
793 1334 1089 1380 congregantur,
1119 1328 1339 1368 accenditur
1367 1329 1620 1367 uehementer

130 1393 183 1432 ⁶20
200 1384 314 1440 ignis,
343 1387 383 1428 in
414 1402 530 1439 quem
559 1388 660 1428 filius
697 1403 720 1428 a
748 1395 856 1440 patre
883 1389 1002 1440 proici
1029 1389 1192 1428 iubetur.
1250 1387 1469 1427 Tristantur
1505 1387 1619 1427 amici

200 1447 301 1498 regis
330 1448 537 1499 dolentque
556 1461 604 1487 ex
632 1447 775 1496 animo,
805 1449 945 1499 gaudet
964 1461 986 1487 e
1014 1461 1204 1487 conuerso
1224 1447 1357 1498 regina
1375 1447 1620 1498 fautoresque

201 1507 273 1556 sui,
301 1507 461 1559 insuper
489 1513 526 1547 et
553 1521 684 1558 regem
719 1509 766 1547 de
795 1507 1107 1558 pusillanimitate
1147 1512 1183 1546 et
1223 1506 1387 1546 mollicie
1423 1511 1618 1546 accusant.

200 1566 303 1606 Dum
340 1580 431 1618 ergo
467 1566 530 1607 isti
567 1580 636 1607 seu
673 1566 725 1606 illi
762 1567 924 1606 diuersis
965 1567 1173 1606 trahuntur
1210 1566 1488 1614 affectionibus,
1530 1579 1625 1606 ecce

200 1638 317 1677 super
335 1639 479 1676 equum
498 1626 652 1678 nigrum
672 1626 874 1666 reuerendi
893 1627 1023 1666 uultus
1053 1639 1171 1666 senex
1192 1639 1260 1677 per
1278 1626 1426 1665 medios
1442 1625 1622 1677 populos,

128 1691 179 1729 25
198 1698 319 1724 manu
347 1686 503 1725 dextera
530 1685 570 1725 in
599 1686 754 1737 signum
782 1685 886 1737 pacis
914 1686 1111 1737 preferens
1140 1686 1240 1725 oliue
1259 1685 1421 1724 uirentis
1450 1698 1616 1732 ramum,

199 1745 249 1784 ad
276 1757 406 1796 regem
434 1758 557 1796 usque
585 1746 772 1796 peruenit.
829 1745 914 1794 Quo
942 1758 1030 1785 cum
1060 1745 1276 1785 astantibus
1297 1745 1462 1784 salutato
1490 1744 1617 1784 scisci-

199 1808 302 1844 tatur
329 1818 487 1844 causam
515 1805 793 1856 materiamque
821 1805 1039 1856 spectaculi,
1069 1806 1117 1845 ad
1146 1806 1247 1855 quod
1278 1810 1384 1844 tanta
1411 1804 1621 1844 multitudo

199 1863 330 1915 populi
358 1865 616 1905 conuenisset.
672 1865 756 1904 Rex
784 1870 913 1904 autem
932 1864 1055 1904 filium
1080 1865 1237 1904 unicum
1267 1864 1382 1904 huius
1410 1864 1619 1915 spectaculi

201 1935 359 1963 causam
387 1928 425 1964 et
452 1925 650 1965 materiem
672 1938 757 1964 esse
785 1925 917 1964 diceus
937 1923 1159 1974 crimenque
1188 1930 1225 1964 et
1253 1923 1485 1964 sententiam
1514 1923 1616 1974 prin-

128 1989 182 2028 30
200 1982 328 2034 cipum
357 1984 597 2036 subiungens
625 1984 831 2035 interrogat
860 1988 896 2023 et
924 1983 1005 2035 ipse
1033 1997 1180 2031 senem,
1218 1983 1304 2034 quis
1332 1983 1381 2022 sit
1409 1983 1471 2023 uel
1499 1983 1619 2030 unde,

200 2043 341 2093 quidue
370 2043 463 2084 noui
481 2044 624 2084 afferat.
682 2043 752 2084 Cui
780 2044 859 2083 ille:
888 2043 980 2095 Ego,
1009 2043 1074 2091 ait,
1102 2035 1492 2090 natione'Romanus,
1512 2055 1621 2082 unus

320 2168 342 2203 2
362 2171 520 2213 pertitus
544 2169 704 2204 LOV—
730 2168 946 2214 Desperatus
974 2167 1099 2212 OPpV
1120 2187 1163 2192 -
1189 2167 1262 2202 iam
1288 2177 1360 2203 non
1387 2178 1492 2212 posse
1517 2178 1615 2203 recu·

200 2231 326 2267 perare
354 2221 489 2267 OPpV.
527 2242 571 2248 —
609 2222 633 2257 4
656 2221 765 2257 Vides
800 2233 885 2267 ergo
926 2221 1020 2266 OPp.
1055 2241 1100 2247 —
1135 2221 1157 2256 5
1182 2221 1318 2256 inuolu.
1346 2222 1409 2266 Pp.
1450 2240 1490 2246 —
1531 2222 1553 2255 6
1578 2224 1615 2255 et

199 2274 431 2311 fallacissima
459 2275 634 2322 OPpV-
650 2279 686 2311 et
701 2286 776 2311 uer.
801 2275 892 2319 fehlt
916 2276 949 2310 L
967 2293 1001 2300 —
1028 2274 1075 2309 ab
1100 2275 1271 2310 omnibus
1299 2275 1376 2310 OV.
1402 2294 1447 2300 —
1473 2275 1613 2309 9tuum

198 2329 291 2372 fehlt
315 2329 356 2364 L.
396 2348 435 2355 —-
476 2330 515 2364 11
549 2329 607 2365 die
639 2329 730 2374 fehlt
753 2329 851 2374 LPp.
888 2348 931 2354 —
968 2328 1012 2363 14
1037 2339 1072 2363 n.
1098 2331 1152 2363 est
1177 2328 1243 2363 tibi
1275 2329 1314 2364 V.
1341 2347 1386 2353 —-
1413 2328 1457 2363 15
1481 2338 1619 2373 negare-

208 2381 243 2416 V
265 2400 306 2407 -—
333 2381 395 2426 qui
419 2383 516 2418 ader.
542 2383 633 2427 fehlt
656 2383 702 2419 L.
729 2401 774 2407 -—
803 2383 845 2418 16
870 2381 1017 2418 recessit
1047 2383 1088 2417 V.
1113 2401 1159 2407 -
1189 2382 1230 2416 17
1256 2380 1312 2416 Cr.
1330 2384 1450 2416 autem
1475 2381 1540 2425 Pp.
1566 2400 1612 2406 —

203 2434 247 2469 19
272 2435 355 2471 ueh.
373 2437 463 2480 fehlt
484 2437 616 2482 OPpV.
635 2455 678 2461 —
697 2436 807 2479 20123
832 2436 869 2471 in
894 2446 1002 2481 quem
1018 2462 1026 2470 .
1042 2461 1050 2470 .
1065 2462 1074 2471 .
1088 2435 1238 2479 alf-fehlt
1266 2435 1398 2479 oPpV.
1435 2453 1479 2459 —
1505 2434 1552 2469 23
1577 2438 1612 2469 et

200 2498 283 2524 ecce
312 2489 495 2535 OPpV—
522 2490 569 2525 ‘24
579 2500 660 2534 equ.
676 2500 849 2535 magnum
874 2500 910 2525 n.
939 2489 1041 2534 OpV.
1067 2509 1112 2515 —
1138 2489 1184 2523 25
1197 2488 1362 2524 deferens
1390 2488 1468 2532 ΟΥ,
1494 2488 1618 2523 ferens

200 2546 257 2590 Pp
286 2564 331 2571 —-
362 2543 429 2580 uir.
455 2544 545 2587 fehlt
573 2543 704 2589 OPpV.
738 2564 784 2570 —
816 2544 861 2579 26
894 2554 1009 2588 usque
1034 2554 1108 2578 nur
1131 2542 1206 2578 LP.
1236 2560 1274 2568 —
1303 2542 1410 2585 27128
1434 2545 1520 2577 mat.
1547 2569 1555 2577 .
1575 2568 1583 2577 .
1603 2568 1616 2576 .

200 2608 306 2634 conu.
330 2597 421 2641 fehlt
448 2597 577 2642 OPpV.
593 2618 638 2624 —
655 2598 741 2642 29s5
755 2597 801 2641 (S.
813 2597 871 2638 57)
896 2607 1043 2632 causam
1066 2598 1217 2632 testatur
1240 2606 1392 2631 narrans
1409 2596 1506 2640 quod
1532 2595 1565 2631 ei
1589 2606 1614 2631 a

199 2650 376 2697 principio
400 2650 494 2686 sicut
517 2654 600 2687 ante
624 2650 759 2686 dietum
785 2653 838 2686 est
853 2650 932 2686 Rex
956 2649 1386 2694 autem(Abk12rzunyin
1412 2649 1496 2694 ΟΡΡ
1507 2650 1562 2691 V).
