1806 3022
604 698 1053 757 [Praefatiuncula]

124 790 390 879 Reuerendo
410 789 507 841 patri
534 802 579 829 ac
606 789 765 829 domino
784 790 1009 836 Bertrando,
1028 790 1087 830 dei
1108 790 1347 831 ordinatione
1371 791 1531 832 Metensi

223 850 415 902 episcopo,
442 849 559 889 frater
577 849 788 897 lohannes,
809 849 1100 899 qualiscumque
1118 849 1155 888 in
1175 850 1265 890 Alta
1280 850 1381 891 Silva
1400 864 1532 891 mona·

122 910 234 956 chus,
262 908 373 948 beate
400 907 531 948 uiuere
558 913 597 948 et
623 908 773 948 beatius
802 908 879 948 uite
906 908 1138 948 curriculum
1167 910 1384 950 terminare.
1430 910 1530 951 Olim

122 969 269 1009 dudum
296 967 396 1007 intra
423 967 683 1007 claustralium
710 967 875 1007 latebras
902 967 1203 1020 pontificumque
1237 969 1375 1009 infulas
1404 970 1530 1010 uirum

121 1028 349 1079 quoeiemm,
378 1026 419 1066 in
447 1040 524 1078 quo
552 1027 623 1067 sibi
652 1039 719 1067 cor
745 1039 877 1067 meum
896 1028 1163 1079 complaceret,
1192 1028 1319 1068 uirum
1347 1029 1431 1069 dico
1458 1030 1530 1069 uir·
1577 1035 1600 1072 5

122 1087 225 1134 tutis,
254 1091 449 1134 sanctum,
477 1086 621 1126 iustum
640 1092 678 1126 et
696 1086 919 1138 perfectum,
948 1092 1027 1126 tam
1056 1087 1194 1127 diuinis
1213 1101 1330 1138 quam
1348 1089 1531 1129 humanis

120 1146 269 1197 legibus
302 1145 508 1186 eruditum.
572 1145 799 1195 Quaeieram
833 1151 870 1186 et
911 1146 1125 1186 defeceram
1162 1147 1201 1186 in
1239 1149 1447 1198 querendo,
1483 1149 1530 1188 de

117 1205 354 1246 inueniendo
382 1205 513 1256 utique
539 1205 776 1256 desperatus.
832 1205 1018 1245 Dolebam
1047 1218 1136 1257 ergo
1173 1211 1210 1246 et
1238 1208 1340 1257 quod
1374 1221 1528 1259 operam

120 1264 374 1317 perdidissem
407 1269 445 1304 et
473 1264 576 1315 quod
612 1269 656 1304 ut
689 1265 893 1305 credebam
926 1265 966 1304 in
1006 1265 1172 1305 ecclesiis
1200 1266 1312 1306 Cristi
1340 1267 1439 1307 circa
1466 1281 1529 1307 me

120 1324 256 1376 positis
284 1323 447 1364 omnino
473 1324 685 1372 defecisset,
726 1324 790 1375 qui
819 1324 982 1376 pastoris
1011 1326 1073 1364 uel
1107 1326 1242 1365 saltem
1276 1328 1526 1367 mercennarii
1550 1335 1600 1374 10

116 1383 246 1424 officio
273 1383 388 1434 digne
415 1396 460 1423 ac
486 1382 670 1435 legittime
705 1383 939 1435 fungeretur.
995 1385 1107 1425 Unde
1133 1385 1248 1425 etiam
1285 1398 1353 1436 pre
1378 1386 1527 1426 habun-

118 1442 283 1483 dantiori
302 1442 458 1483 tristicia
476 1443 718 1483 deducebant
738 1443 836 1484 oculi
854 1444 930 1484 mei
947 1444 1138 1492 lacrimas,
1166 1449 1203 1484 et
1221 1445 1330 1495 aquis
1350 1446 1528 1497 palpebre

118 1516 206 1543 mee
232 1502 369 1554 iugiter
395 1502 628 1551 defluebant,
657 1503 781 1543 donec
809 1504 966 1543 tandem
1000 1503 1115 1544 michi
1143 1503 1183 1544 in
1220 1517 1370 1545 merore
1404 1506 1526 1557 posito

117 1567 251 1602 uaetra
279 1562 459 1613 quamuis
486 1574 573 1602 sero
598 1561 685 1601 luce
714 1562 851 1602 clarior
885 1562 1133 1614 resplendiuit
1172 1563 1400 1604 sanctitudo.
1455 1564 1526 1604 Re-

115 1621 270 1672 spirans
304 1620 419 1673 igitur
435 1634 459 1661 a
486 1622 617 1661 dolore
641 1626 749 1661 tanto
774 1622 891 1661 lecior
914 1623 962 1663 de
990 1623 1149 1662 inuento
1177 1624 1280 1673 quod
1308 1628 1387 1663 tam
1415 1623 1526 1664 auide
1548 1631 1595 1669 15

117 1680 336 1731 quaeieram
363 1681 520 1720 effeetus
548 1694 651 1729 sum,
679 1686 825 1732 quanto
851 1687 967 1722 antea
993 1682 1148 1734 grauius
1182 1683 1229 1722 de
1256 1696 1337 1722 non
1365 1683 1526 1723 inuento

117 1740 266 1780 fueram
293 1739 552 1780 contristatus.
591 1739 757 1792 Visaque
783 1746 842 1781 aet
869 1741 984 1781 michi
1012 1747 1143 1782 uaetra
1169 1742 1351 1782 sanctitas
1379 1755 1425 1782 eo
1443 1756 1524 1794 pre-

115 1798 256 1839 ciosior
280 1804 319 1839 et
354 1799 612 1847 excellentior,
649 1812 726 1851 quo
753 1813 859 1840 nunc
898 1801 960 1841 his
997 1801 1133 1841 diebus
1167 1802 1308 1841 nostris
1343 1802 1406 1852 qui
1434 1803 1525 1842 mali

116 1864 222 1907 sunt,
249 1858 371 1899 rarior
398 1859 483 1910 quis
511 1859 644 1899 similis
672 1859 784 1899 uobis
808 1865 847 1900 et
873 1860 1061 1900 difficilius
1088 1861 1294 1901 inuenitur.
1331 1861 1431 1901 Nam
1449 1862 1524 1902 hoc

115 1917 285 1958 ωεκίωε
311 1923 483 1970 tempore
510 1919 726 1959 secundum
754 1919 900 1960 domini
920 1920 1063 1960 dictum
1090 1920 1156 1960 uix
1182 1920 1378 1961 inuenitur
1402 1921 1522 1969 locus,
1542 1927 1594 1966 20

114 1978 183 2018 ubi
208 1977 324 2030 digne
350 1978 473 2029 possit
499 1983 614 2030 caput
633 1991 748 2018 suum
776 1978 876 2019 filius
903 1979 1075 2019 hominis
1101 1979 1299 2027 reclinare,
1327 1980 1415 2031 quia
1445 1980 1521 2020 iam

113 2037 252 2078 defecit
279 2043 451 2086 sanctus,
478 2037 556 2077 iam
584 2051 664 2078 non
699 2044 757 2078 est
785 2040 986 2090 propheta,
1022 2039 1176 2090 iamque
1214 2039 1312 2079 sicut
1344 2040 1521 2091 populus,

112 2098 168 2138 sic
195 2097 387 2137 sacerdos.
442 2097 546 2137 Rara
572 2097 715 2138 etenim
742 2099 886 2138 securis
913 2111 1029 2139 aurea

158 2174 376 2226 ‘Raraque
403 2175 506 2216 auis
533 2175 580 2216 in
608 2175 748 2216 terris
777 2176 1010 2228 nigroque
1037 2175 1287 2216 simillima
1313 2176 1475 2228 cigno?

113 2252 259 2292 Verum
285 2264 366 2292 non
386 2252 606 2293 mirandum
634 2253 736 2303 quod
756 2252 937 2293 uirtutem
965 2266 1037 2293 sua
1063 2252 1332 2304 preciosiorem
1359 2252 1519 2293 dixerim
1538 2258 1589 2297 25

112 2311 278 2360 raritate,
292 2325 529 2364 quamquam
546 2312 872 2379 philosophorum
885 2311 1042 2364 quidam
1060 2313 1254 2352 affirment
1271 2313 1395 2364 ipsam
1414 2312 1519 2352 nullo

114 2372 231 2412 modo
245 2384 360 2423 posse
373 2371 495 2412 minui
508 2372 571 2412 uel
582 2372 726 2423 augeri.
756 2371 797 2411 Si
811 2371 916 2412 enim
929 2384 1047 2412 omne
1060 2385 1192 2412 rarum
1205 2371 1292 2412 ideo
1304 2372 1518 2439 preciosum

113 2431 203 2483 quia
229 2444 373 2481 rarum,
401 2436 548 2483 quanto
566 2430 690 2482 magis
708 2430 769 2471 uir
792 2431 932 2472 uirtute
950 2436 988 2471 et
1006 2431 1172 2471 sciencia
1189 2430 1359 2483 preditus
1377 2430 1518 2483 precio·

113 2490 192 2530 sior
209 2494 268 2531 oet
286 2490 394 2530 omni
411 2490 540 2542 precio
558 2489 811 2539 estimandus,
838 2490 904 2541 qui
923 2490 987 2530 uix
1006 2490 1047 2530 in
1065 2489 1170 2530 mille
1186 2489 1391 2530 hominum
1409 2489 1518 2530 milli·

111 2549 199 2597 bus,
211 2549 276 2589 uix
290 2549 332 2590 in
345 2550 469 2590 tocius
483 2549 586 2590 orbis
599 2549 762 2590 circulo
752 2549 958 2590 inuenitur.
972 2549 1052 2601 Ego
1064 2555 1195 2589 autem
1208 2549 1257 2589 ad
1269 2550 1515 2601 columpnam
1534 2555 1589 2594 30

112 2607 262 2649 firmam
290 2609 565 2661 lucernamque
591 2609 790 2650 ardentem
818 2622 863 2649 ac
890 2610 1082 2649 lucentem
1110 2608 1150 2648 in
1178 2608 1386 2659 caliginoso
1418 2609 1514 2657 loco,

227 2686 276 2721 24
297 2686 462 2732 211„un

181 2751 367 2786 smmlung
383 2750 692 2781 uitulinum-cher
709 2751 817 2780 Texte.
852 2752 878 2780 5.
1359 2751 1373 2777 1
