1800 2930
754 214 1027 253 ...27-

189 327 425 379 uirgunculis
453 328 533 368 suis
561 328 691 369 fucare
732 328 845 369 facies
879 333 1070 380 satagunt,
1106 335 1147 370 ut
1181 330 1353 370 colorum
1391 331 1599 371 reddantur

190 386 374 427 beneficio
402 387 651 439 pulchriores,
680 393 718 428 et
740 387 917 438 quicquid
946 388 1160 437 monilium,
1189 389 1367 440 quicquid
1396 403 1598 430 ornamen-

191 451 319 486 torum
341 446 584 487 muliebrium
604 446 807 498 excogitari
829 448 889 486 uel
908 446 1072 487 inueniri
1092 454 1229 499 potest,
1258 449 1329 488 sibi
1349 462 1438 489 cum
1458 463 1600 500 magna

188 505 400 546 ambitione
427 518 645 557 magnoque
673 506 799 545 studio
827 506 1125 557 circumponunt
1152 520 1340 558 suamque
1367 508 1405 547 in
1436 509 1600 559 speculis

190 564 355 616 speciem
401 566 724 616 contemplantur.
806 565 1124 605 Adolescentibus
1182 579 1275 605 uero
1319 579 1363 606 ac
1414 568 1600 607 scutiferis
1628 570 1654 608 5

189 637 388 664 summum
416 624 587 664 studium
622 624 691 663 fuit
718 637 838 674 equos
867 625 1068 675 mulasque
1096 638 1230 675 regum
1258 631 1600 677 matronarumque

190 682 308 723 frenis
348 683 475 723 aureis
518 683 723 729 infrenare,
759 689 931 723 sternere
969 684 1190 723 stramentis
1241 684 1383 724 sericis.
1452 685 1601 726 paratis

190 741 302 793 igitur
330 742 628 794 compositisque
647 742 839 782 uniuersis
867 743 979 794 primi
1006 743 1182 783 omnium
1202 757 1310 795 reges
1338 758 1383 784 ac
1411 744 1601 797 principes

188 814 279 841 cum
306 802 414 842 omni
441 802 606 842 militum
634 802 834 842 iuuentute
862 802 1034 842 ascensis
1069 803 1177 853 equis
1205 810 1348 843 exeunt
1388 804 1600 854 ciuitatem3

188 874 287 912 quos
313 866 491 901 matrone
519 874 608 901 cum
636 861 874 913 uirgunculis
905 861 985 901 suis
1013 862 1194 902 mulabus
1223 862 1361 903 baiulis
1390 864 1601 903 subsecun·
1624 866 1673 904 10

189 925 264 968 tur,
291 920 585 972 congregatique
612 921 653 960 in
680 934 803 960 unum
833 921 925 960 foris
953 927 1103 972 portam
1132 921 1351 962 Romanam
1390 924 1602 963 aduentum

190 979 290 1030 regis
318 979 555 1032 Dolopathos
584 981 855 1032 prestolantur.

194 1039 274 1128 Et
300 1052 389 1079 ecce
416 1040 498 1092 ipse
535 1053 603 1080 rex
632 1040 795 1091 stipatus
834 1040 1000 1079 militum
1034 1053 1194 1079 suorum
1232 1041 1477 1082 multitudine
1513 1055 1602 1082 cum

283 1099 494 1139 mimorum
530 1099 842 1150 saltatricumque
879 1113 924 1139 ac
952 1100 1247 1150 cytharedorum
1285 1100 1602 1151 cytharisantium

189 1158 230 1198 in
258 1159 426 1210 cytharis
454 1159 534 1198 suis
562 1158 717 1210 agmine
745 1159 913 1207 aduenit,
943 1160 1082 1199 sedens
1111 1173 1227 1211 super
1265 1173 1408 1211 equum
1442 1161 1602 1211 dignum
1625 1161 1673 1199 15

188 1217 292 1269 regie
319 1218 539 1258 maiestatis.
595 1219 642 1258 Et
670 1218 752 1269 ipse
785 1219 952 1269 quidem,
983 1219 1179 1270 speciosus
1208 1220 1332 1259 forma
1360 1232 1426 1270 pre
1454 1219 1603 1260 cunctis

187 1278 255 1328 qui
283 1278 443 1318 aderant
471 1278 637 1330 regibus,
666 1283 748 1318 erat
775 1278 937 1318 uestitus
974 1291 1146 1330 purpura
1173 1284 1445 1330 gemmatoque
1478 1279 1603 1319 diade-

193 1342 298 1377 mate
316 1343 523 1377 coronatus
542 1342 656 1389 caput
684 1342 720 1377 et
740 1342 896 1388 torques
924 1350 1042 1377 aurea
1069 1338 1151 1378 eius
1171 1338 1316 1377 inserta
1334 1339 1431 1377 collo
1459 1338 1603 1378 accinc-

189 1401 329 1447 tusque
363 1396 488 1447 gladio
526 1410 642 1448 super
682 1397 819 1437 femur.
888 1397 1037 1447 Regina
1073 1410 1167 1437 uero
1201 1411 1224 1437 a
1264 1397 1408 1437 dextris
1445 1397 1526 1437 eius
1563 1397 1602 1437 in

189 1456 331 1496 uaetitu
360 1457 542 1496 deaurato
570 1455 806 1496 circumdata
835 1457 1018 1496 uarietate
1045 1458 1151 1496 mula
1178 1457 1341 1497 candida
1369 1458 1602 1507 uehebatur3
1622 1455 1675 1495 20

189 1528 308 1566 quam
335 1516 410 1555 filie
438 1529 573 1567 regum
601 1516 641 1556 in
670 1516 841 1555 fimbreis
869 1516 997 1556 aureis
1031 1516 1316 1556 circumamicte
1352 1517 1603 1557 uarietatibus

191 1588 280 1615 cum
320 1576 555 1615 exultatione
599 1581 637 1615 et
678 1575 800 1627 gloria
845 1577 1118 1627 sequebantur.
1198 1575 1449 1627 Congregatis
1489 1576 1603 1627 igitur

189 1634 342 1675 cunctis
368 1635 435 1686 qui
461 1634 562 1687 regis
589 1636 787 1675 occursuri
815 1641 926 1675 erant
963 1635 1051 1684 filio,
1087 1635 1128 1675 in
1167 1635 1313 1675 trinum
1347 1649 1389 1675 se
1426 1635 1603 1675 diuidunt

190 1707 342 1745 agmen.
398 1694 481 1734 Rex
517 1695 620 1734 enim
650 1708 739 1734 cum
777 1694 929 1746 regibus
958 1695 1272 1746 principibusque
1307 1695 1401 1743 suis,
1436 1695 1601 1734 militum

188 1766 343 1805 quoque
370 1759 408 1794 et
425 1754 612 1794 iuuenum
631 1755 745 1795 decor
772 1754 812 1793 in
834 1767 956 1794 unum
985 1768 1123 1806 agmen
1144 1754 1289 1794 collecti
1318 1754 1492 1806 reginam
1513 1767 1601 1794 curn
1622 1752 1674 1791 25

190 1818 456 1854 matronarum
493 1819 530 1854 et
557 1814 874 1865 uirguncularum
902 1819 1031 1854 turma
1063 1815 1169 1854 lento
1207 1814 1418 1865 precedunt
1454 1827 1602 1865 gressu,

190 1886 308 1913 omne
325 1886 420 1914 uero
447 1874 538 1913 illud
558 1874 769 1914 mimorum
797 1887 920 1925 genus
948 1873 987 1913 in
1008 1874 1111 1913 aliud
1139 1887 1279 1925 agmen
1308 1873 1454 1913 collecti
1474 1885 1603 1924 regem

190 1933 400 1984 precedunt
417 1933 675 1984 multiphariis
704 1933 940 1973 musicorum
962 1932 1123 1973 uocibus
1142 1937 1433 1984 concrepantes,
1461 1933 1604 1971 absunt

190 2005 285 2032 uero
312 2005 336 2032 a
363 2005 406 2032 se
432 1992 601 2033 inuicem
629 1993 785 2044 agmina
812 1992 942 2044 spacio
962 1992 1075 2032 stadii
1103 1992 1231 2032 unius.
1288 1991 1365 2031 Sed
1392 1991 1479 2042 quis
1507 1990 1603 2031 tanti

188 2057 396 2103 apparatus
423 2052 598 2104 gloriam,
626 2052 712 2103 quis
740 2057 868 2092 tantas
906 2052 1067 2092 diuicias
1095 2051 1217 2103 possit
1252 2050 1483 2098 describere,
1517 2050 1604 2101 quis
1622 2047 1675 2087 30

191 2124 326 2162 regum
353 2111 648 2163 principumque
675 2117 870 2160 ornatum,
908 2111 994 2162 quis
1022 2111 1164 2163 regine,
1199 2111 1286 2162 quis
1323 2115 1602 2157 matronarum,

190 2170 279 2221 quis
297 2171 467 2210 maxime
485 2171 857 2211 adolescentularum
876 2171 1159 2211 lasciuientium
1179 2171 1332 2218 fastum,
1361 2169 1448 2220 quis
1467 2169 1603 2209 saltem

288 2285 304 2319 1
344 2283 472 2319 tn’care
500 2284 568 2329 Pp.
601 2304 646 2311 --
670 2284 695 2318 4
723 2294 771 2319 m.
801 2281 920 2318 studio
958 2285 1182 2327 componunt
1218 2281 1308 2326 OPp
1338 2283 1536 2326 (exponunt
1560 2281 1603 2323 V)

191 2358 238 2364 —
262 2349 311 2373 m.
329 2337 460 2382 gaudio
477 2337 522 2373 L.
549 2358 593 2364 —-
619 2338 642 2373 6
666 2337 856 2382 mulosque
880 2337 988 2381 PpV.
1015 2356 1059 2362 —
1086 2336 1105 2370 7
1130 2335 1292 2370 sericinis
1316 2335 1363 2376 L,
1388 2334 1531 2369 sericeis
1561 2333 1602 2370 Υ.

192 2411 238 2418 -
265 2391 305 2426 11
332 2390 370 2426 in
395 2391 515 2426 vicum
539 2391 573 2425 V
596 2411 640 2417 —
665 2401 700 2436 p.
716 2390 872 2426 ciuitatis
896 2400 928 2425 a.
954 2388 996 2425 0.
1022 2409 1066 2415 ——
1095 2389 1138 2424 12
1162 2388 1257 2432 regis
1280 2388 1370 2431 fehlt
1395 2387 1532 2432 OPpV.
1556 2407 1602 2413 —

195 2444 240 2479 14
263 2444 439 2490 sythared.
465 2444 500 2480 L
518 2465 563 2471 —-
589 2444 753 2489 cytharis,
779 2443 868 2487 fehlt
886 2442 1027 2488 OPpV.
1053 2463 1098 2468 —
1126 2442 1170 2476 15
1195 2441 1277 2476 adu.
1297 2441 1395 2481 Gon„
1421 2440 1511 2483 fehlt
1534 2440 1604 2475 den

191 2498 281 2534 Hae.
304 2518 350 2524 —
377 2497 421 2533 16
445 2508 500 2543 sp.
525 2498 549 2533 f.
575 2508 638 2543 pre
655 2497 738 2533 filiis
768 2496 958 2532 hominum
984 2495 1118 2531 scilicet
1142 2505 1206 2540 pre
1235 2494 1373 2529 cunctis
1397 2492 1489 2538 OPp
1497 2494 1538 2527 V.
1556 2512 1601 2519 —

194 2551 238 2587 1⁷
254 2553 332 2587 erat
347 2551 444 2587 enim
457 2551 595 2596 OPpV.
607 2572 652 2577 —
665 2551 710 2586 18
719 2549 950 2594 accinctoque
964 2548 1010 2592 gl.
1023 2549 1118 2593 01²1>
1126 2549 1220 2583 V.-
1233 2548 1276 2582 19
1286 2546 1332 2591 gl.
1346 2546 1423 2582 eius
1432 2546 1455 2580 t'.
1469 2545 1600 2582 ΟΥ.-

190 2604 240 2640 28
268 2604 400 2640 absunt
421 2604 520 2640 Goni.
545 2604 615 2639 Eb.
640 2604 708 2648 fur
730 2603 791 2639 alii
817 2603 868 2644 L;
894 2612 1014 2638 concr.
1028 2612 1094 2636 nec
1119 2601 1164 2637 ad
1188 2611 1227 2636 se
1242 2600 1266 2635 i.
1284 2610 1378 2644 agm.
1392 2610 1443 2644 sp.
1461 2602 1505 2633 st.
1523 2598 1600 2633 vni·

192 2667 296 2693 verse
310 2657 521 2702 disiungunt
530 2658 586 2703 Pp
595 2659 649 2700 (st.
659 2657 767 2692 unius
777 2667 815 2691 se
827 2656 1041 2700 contingunt
1051 2653 1092 2696 O,
1103 2657 1146 2689 st.
1160 2652 1267 2688 unius
1280 2663 1319 2688 se
1331 2652 1528 2696 distingunt
1545 2651 1600 2693 V).

193 2710 423 2747 -30tantas
431 2711 523 2754 fehlt
537 2711 635 2755 LPp
642 2711 683 2747 V.
700 2731 745 2736 —
762 2711 882 2755 posset
893 2708 923 2745 Ο
935 2709 973 2745 Υ.
985 2728 1030 2734 -
1044 2708 1089 2742 32
1101 2705 1369 2742 lasciuiencium
1386 2704 1481 2739 fastu
1491 2704 1552 2748 Pp
1560 2704 1600 2738 V.
