1806 3022
770 183 822 189 -.
882 166 908 203 4
974 183 1023 188 —

768 278 1039 334 [Historia]

198 358 317 448 Cum
345 360 458 411 igitur
484 361 558 400 sub
586 359 677 400 diuo
695 360 870 412 Augusto
890 361 1158 400 Romanorum
1186 359 1339 399 fortuna
1357 358 1497 398 Hitalie
1525 359 1608 398 fini-

277 420 350 459 bus
379 433 459 460 non
493 424 675 460 contenta
700 419 814 460 latius
852 433 894 460 se
929 433 998 472 per
1034 418 1265 470 quadrifaria
1292 418 1428 457 mundi
1455 418 1609 458 climata

199 478 430 530 porrexisset
465 491 679 530 eorumque
715 479 875 531 imperio
912 492 1020 531 reges
1061 491 1106 519 ac
1134 477 1325 530 principes
1362 490 1452 516 cum
1493 477 1609 517 totius

198 537 303 578 orbis
329 537 530 578 latitudine
549 542 629 578 tam
656 538 811 578 feliciter
840 552 956 589 quam
976 537 1135 578 fideliter
1163 536 1418 586 subiacerent‚
1446 536 1514 576 suit
1542 549 1609 576 rex

154 601 178 639 5
198 597 355 648 quidam
374 611 420 638 ex
440 597 628 637 nobilium
648 597 904 638 Troianorum
924 597 1113 648 sanguine
1131 596 1337 643 deriuatus,
1357 595 1421 646 qui
1441 597 1609 646 quodam

198 657 302 697 fatali
320 656 496 708 presagio
515 670 562 696 ex
581 669 709 696 rerum
729 657 945 697 futurarum
964 656 1167 696 euentibus
1195 669 1339 695 nomen
1359 655 1609 707 Dolopathos,

198 716 236 756 id
265 721 323 756 est
351 716 483 755 dolum
512 716 575 755 uel
602 716 771 755 dolorem
801 717 963 767 patiens,
993 729 1040 756 ex
1069 728 1181 767 greco
1209 715 1403 765 latinoque
1430 727 1611 754 sermone

199 775 458 827 compositum
477 775 632 814 sortitus
661 781 730 815 est.
769 775 841 814 Hic
859 775 988 826 itaque
1006 780 1113 826 patre
1132 787 1220 826 rege
1239 775 1419 814 defuncto
1447 787 1610 825 regnum

199 834 428 883 illuddiues
458 833 586 874 Sicilie
613 834 696 874 iure
722 834 953 874 hereditario
981 835 1030 874 ab
1050 834 1229 885 Augusto
1249 834 1390 874 Cesare
1417 834 1544 873 adhuc
1571 834 1611 872 in

133 897 182 936 10
200 893 313 934 annis
333 894 541 944 puerilibus
560 893 748 944 recipiens
768 894 865 945 cepit
885 894 970 933 ilico
998 893 1105 945 regni
1125 893 1277 944 negotia
1304 892 1397 932 satis
1425 906 1493 944 pro
1514 898 1613 933 etate

200 958 237 994 et
265 953 413 992 uiribus
441 958 599 993 strenue
626 966 671 993 ac
698 953 844 993 fortiter
871 953 1166 994 amministrare.
1213 953 1366 992 Etenim
1394 954 1611 1004 sapientum

199 1026 244 1053 ac
272 1012 470 1052 seniorum
497 1012 605 1063 regni
634 1012 693 1052 sui
721 1026 764 1052 se
792 1018 914 1052 totum
942 1014 1098 1052 tradens
1127 1012 1294 1052 consiliis
1322 1012 1504 1052 omnibus
1532 1018 1612 1052 tam

201 1071 310 1112 bellis
338 1072 625 1123 emergentibus
654 1085 771 1122 quam
799 1072 974 1112 ciuilibus
1009 1072 1134 1112 causis
1162 1071 1344 1112 obuiabat
1380 1072 1539 1111 consilio
1577 1078 1612 1110 et

203 1130 344 1171 auxilio
371 1130 626 1182 premunitus.
685 1131 824 1182 Sicque
852 1136 1047 1171 crescente
1075 1136 1174 1171 etate
1202 1136 1239 1171 et
1266 1130 1415 1171 uiribus
1443 1132 1613 1183 corporis

135 1195 183 1234 15
203 1191 396 1241 simulque
423 1190 565 1230 uirtute
592 1190 711 1230 animi
737 1204 782 1230 ac
810 1190 1003 1242 sapiencia
1031 1192 1079 1230 de
1097 1190 1265 1242 puericia
1292 1191 1331 1230 in
1361 1191 1614 1231 adolescentie

204 1249 383 1291 transiuit
411 1250 590 1290 decorem
618 1263 663 1290 ac
690 1250 828 1290 deinde
856 1251 1039 1302 paulatim
1068 1251 1346 1290 succrescendo
1365 1250 1614 1301 proficiendo·

204 1323 278 1361 que
306 1311 354 1349 de
380 1309 523 1349 uirtute
550 1309 589 1349 in
618 1309 812 1358 uirtutem,
840 1311 889 1350 ad
916 1310 1125 1350 iuuentutis
1154 1310 1273 1350 robur
1300 1310 1483 1357 euadens,
1513 1310 1615 1350 fama

204 1369 403 1421 probitatis
421 1369 504 1408 eius
524 1368 822 1420 circumquaque
842 1369 1090 1416 discurrente,
1109 1369 1239 1421 regnis
1260 1369 1439 1409 maximis
1458 1370 1559 1410 circa
1573 1383 1614 1409 se

206 1442 325 1481 prope
352 1434 390 1469 et
415 1429 530 1480 longe
558 1428 691 1479 positis
718 1434 842 1469 terror
868 1430 1063 1469 maximus
1097 1430 1253 1470 effectus
1290 1434 1348 1469 est
1384 1429 1423 1469 in
1462 1434 1613 1469 tantum

134 1493 187 1531 20
205 1493 245 1529 ut
274 1487 397 1529 eciam
415 1487 486 1539 ipsi
508 1500 616 1539 reges
644 1488 691 1528 de
711 1502 752 1528 se
771 1488 928 1539 suisque
960 1490 1088 1540 regnis
1116 1488 1263 1530 solliciti
1291 1489 1505 1530 amiciciam
1533 1492 1615 1532 eius

205 1560 436 1599 magnorum
455 1560 664 1587 munerum
682 1548 810 1599 precio
838 1554 1102 1588 mercarentur
1122 1562 1194 1589 nec
1212 1562 1254 1589 se
1272 1549 1409 1601 aliquis
1437 1551 1476 1590 in
1497 1564 1616 1603 regno

206 1621 320 1660 posse
348 1620 575 1659 permanere
603 1607 797 1659 fateretur,
825 1608 858 1647 si
892 1622 1022 1660 regem
1050 1609 1286 1661 Dolopathos
1318 1610 1357 1649 in
1393 1611 1519 1662 aliquo
1553 1613 1614 1652 uel

206 1666 403 1707 modicum
437 1666 669 1707 offendisset.
725 1667 806 1707 Nec
838 1667 1003 1716 mirum;
1042 1673 1124 1708 erat
1159 1668 1263 1708 enim
1296 1669 1335 1708 in
1374 1670 1481 1710 bellis
1510 1684 1616 1722 pera-

206 1726 340 1778 gendis
359 1725 581 1774 acerrimus,
600 1726 641 1766 in
660 1726 894 1767 muneribus
906 1728 1042 1767 dandis
1061 1728 1313 1780 largissimus,
1332 1729 1372 1768 in
1391 1743 1617 1771 sermonum

137 1790 189 1828 25
209 1786 425 1837 eloquentia
453 1785 763 1834 facundissimus,
792 1792 829 1826 et
857 1786 951 1827 alios
980 1788 1109 1834 armis,
1137 1788 1230 1828 alios
1258 1789 1384 1837 donis,
1411 1790 1507 1830 alios
1535 1804 1618 1831 uer-

208 1846 348 1886 borum
376 1844 577 1885 dulcedine
604 1845 788 1896 capiebat.
845 1846 954 1886 Circa
983 1860 1075 1886 uero
1103 1847 1273 1887 minores
1302 1853 1339 1888 et
1366 1849 1540 1889 subditos
1568 1851 1620 1890 ita

209 1918 251 1945 se
277 1905 410 1944 mitem
439 1909 476 1944 et
503 1904 733 1945 clementem
760 1905 977 1954 exhibebat,
1007 1912 1047 1946 ut
1067 1908 1172 1947 hunc
1191 1912 1340 1959 patrem
1368 1922 1447 1948 non
1477 1923 1619 1961 regem,

209 1965 294 2005 illos
313 1964 411 2003 filios
430 1977 510 2003 non
538 1977 673 2004 seruos
692 1965 904 2006 estimares.
943 1966 1110 2006 Causam
1129 1966 1260 2018 pupilli
1288 1973 1323 2007 et
1352 1967 1467 2008 uidue
1494 1969 1619 2009 defen-

210 2023 325 2064 debat
338 2028 376 2063 et
394 2035 608 2075 pauperum
627 2023 797 2076 inopiam
811 2038 881 2065 sua
900 2025 1163 2066 munificentia
1181 2026 1422 2075 subleuabat,
1440 2028 1620 2068 iniuriam

140 2087 193 2125 30
212 2081 368 2134 pauperi
415 2082 624 2134 irrogatam
652 2082 725 2123 sibi
763 2084 951 2136 deputans
993 2099 1134 2136 penam
1169 2085 1209 2125 in
1249 2092 1446 2127 auctorem
1485 2087 1621 2128 iniurie

214 2147 358 2194 quanto
385 2141 503 2182 cicius
549 2147 586 2182 et
613 2142 739 2183 acrius
767 2143 954 2195 potuisset
982 2146 1238 2196 retorquebat.
1293 2146 1415 2186 Porro
1443 2160 1532 2187 cum
1572 2148 1623 2188 ita

212 2200 505 2241 misericorditer
533 2201 692 2242 tutelam
719 2207 906 2254 prestaret
933 2203 1160 2252 minoribus,
1195 2211 1330 2246 contra
1364 2207 1552 2258 superbos
1587 2214 1620 2246 et

212 2260 406 2301 maleficos
434 2260 486 2300 ita
504 2260 629 2301 furere
648 2261 860 2311 uidebatur,
890 2268 931 2302 ut
959 2264 1065 2303 hunc
1083 2263 1209 2304 dicere
1227 2277 1361 2316 posses
1389 2265 1622 2306 ferocitatem

331 2338 352 2373 2
370 2338 504 2374 dimata
521 2339 564 2373 L.
589 2358 636 2363 —
660 2338 683 2372 5
707 2349 942 2374 romanorum
960 2340 1015 2384 Pp
1039 2360 1084 2366 —
1122 2340 1184 2385 qui
1208 2341 1391 2385 quondam
1420 2342 1552 2387 OPpV.
1580 2364 1622 2368 -

214 2391 447 2437 6·dolopatos
472 2392 517 2436 L,
542 2391 755 2436 dolophatos
779 2393 820 2427 V.
845 2412 890 2419 —
917 2393 936 2427 7
963 2393 1086 2428 dolum
1111 2394 1169 2429 uel
1194 2406 1269 2430 nur
1284 2395 1328 2430 L.
1345 2415 1392 2420 —
1412 2395 1453 2430 12
1480 2396 1625 2431 tradens

220 2445 261 2487 V,
288 2445 437 2480 credens
462 2445 593 2490 LOPp.
619 2464 666 2470 —
683 2446 736 2480 >13
760 2456 910 2481 suorum
934 2455 998 2480 vor
1022 2458 1120 2482 cons.
1149 2447 1187 2482 O.
1214 2467 1257 2473 —-
1286 2448 1328 2483 17
1354 2449 1513 2484 euadens
1538 2450 1625 2492 fehlt

217 2498 348 2543 OPpV.
374 2518 421 2523 —
448 2499 491 2533 19
517 2501 552 2533 et
575 2509 597 2533 a
622 2498 728 2543 longe
755 2500 797 2534 L.
822 2519 868 2524 —
893 2500 938 2534 ⁶22
965 2500 1176 2545 dolophatos
1203 2501 1278 2538 ΟΥ
1299 2522 1344 2528 -
1381 2502 1438 2538 uel
1464 2513 1511 2537 m.
1538 2503 1625 2545 fehlt

218 2552 294 2588 OV.
320 2571 364 2577 —
389 2551 436 2587 28
461 2551 669 2587 estimarent
698 2554 792 2598 OPp,
818 2552 999 2588 estimaret
1030 2554 1069 2589 V.
1097 2574 1142 2581 —-
1168 2555 1214 2590 30
1238 2558 1397 2591 actorem
1425 2555 1554 2601 OPpV.
1582 2578 1624 2583 -—

215 2606 257 2641 31
287 2615 396 2650 quam
421 2604 531 2641 cicius
556 2606 673 2641 aerius
709 2606 912 2651 requirebat
942 2608 1026 2651 OPp
1036 2609 1077 2643 V.
1119 2627 1160 2634 —
1199 2609 1244 2644 33
1271 2609 1319 2645 ita
1357 2610 1450 2646 ferre
1475 2611 1539 2655 Pp.
1579 2611 1627 2645 ita

216 2658 333 2695 facere
364 2660 405 2702 V,
430 2659 479 2695 ita
504 2659 620 2695 seuire
648 2658 687 2695 Ο.
715 2680 759 2687 —-
785 2670 971 2705 possemus
1000 2661 1037 2697 Ο.
