<?xml version="1.0" encoding="UTF-8"?>
<!DOCTYPE html PUBLIC "-//W3C//DTD XHTML 1.0 Transitional//EN"
    "http://www.w3.org/TR/xhtml1/DTD/xhtml1-transitional.dtd">
<html xmlns="http://www.w3.org/1999/xhtml" xml:lang="en" lang="en">
 <head>
  <title>
</title>
<meta http-equiv="Content-Type" content="text/html;charset=utf-8" />
  <meta name='ocr-system' content='tesseract 3.04.00' />
  <meta name='ocr-capabilities' content='ocr_page ocr_carea ocr_par ocr_line ocrx_word'/>
</head>
<body>
  <div class='ocr_page' id='page_1' title='image "./historiaseptemsa02hilkuoft_0125.png"; bbox 0 0 1800 2930; ppageno 0'>
   <div class='ocr_carea' id='block_1_1' title="bbox 736 162 1024 201">
    <p class='ocr_par' dir='ltr' id='par_1_1' title="bbox 736 162 1024 201">
     <span class='ocr_line' id='line_1_1' title="bbox 736 162 1024 201; baseline -0.007 1"><span class='ocrx_word' id='word_1_1' title='bbox 736 162 1024 201; x_wconf 86' lang='lat'><strong>—107—</strong></span> 
     </span>
    </p>
   </div>
   <div class='ocr_carea' id='block_1_2' title="bbox 172 272 1669 2220">
    <p class='ocr_par' dir='ltr' id='par_1_2' title="bbox 172 272 1669 2220">
     <span class='ocr_line' id='line_1_2' title="bbox 172 272 1588 323; baseline 0.004 -12"><span class='ocrx_word' id='word_1_2' title='bbox 172 272 416 323; x_wconf 82' lang='lat' dir='ltr'>plangerent:</span> <span class='ocrx_word' id='word_1_3' title='bbox 444 273 518 319; x_wconf 79' lang='lat' dir='ltr'>En,</span> <span class='ocrx_word' id='word_1_4' title='bbox 546 272 612 321; x_wconf 80' lang='lat' dir='ltr'>ait,</span> <span class='ocrx_word' id='word_1_5' title='bbox 640 286 664 313; x_wconf 95' lang='lat' dir='ltr'>o</span> <span class='ocrx_word' id='word_1_6' title='bbox 690 274 903 313; x_wconf 87' lang='lat' dir='ltr'>reuerende</span> <span class='ocrx_word' id='word_1_7' title='bbox 931 273 1002 322; x_wconf 88' lang='lat' dir='ltr'>uir,</span> <span class='ocrx_word' id='word_1_8' title='bbox 1030 274 1107 314; x_wconf 84' lang='lat' dir='ltr'>iam</span> <span class='ocrx_word' id='word_1_9' title='bbox 1125 287 1284 315; x_wconf 87' lang='lat' dir='ltr'>omnem</span> <span class='ocrx_word' id='word_1_10' title='bbox 1301 275 1350 315; x_wconf 90' lang='lat' dir='ltr'>de</span> <span class='ocrx_word' id='word_1_11' title='bbox 1367 275 1483 315; x_wconf 88' lang='lat' dir='ltr'>corde</span> <span class='ocrx_word' id='word_1_12' title='bbox 1499 288 1588 316; x_wconf 90' lang='lat' dir='ltr'>meo</span> 
     </span>
     <span class='ocr_line' id='line_1_3' title="bbox 172 331 1589 384; baseline 0.003 -13"><span class='ocrx_word' id='word_1_13' title='bbox 172 331 364 383; x_wconf 83' lang='lat' dir='ltr'>expellere</span> <span class='ocrx_word' id='word_1_14' title='bbox 391 344 525 384; x_wconf 65' lang='lat' dir='ltr'>posses</span> <span class='ocrx_word' id='word_1_15' title='bbox 552 331 826 372; x_wconf 71' lang='lat' dir='ltr'>incredulitatis</span> <span class='ocrx_word' id='word_1_16' title='bbox 854 332 1049 381; x_wconf 81' lang='lat' dir='ltr'>nebulam,</span> <span class='ocrx_word' id='word_1_17' title='bbox 1077 333 1110 373; x_wconf 84' lang='lat' dir='ltr'>si</span> <span class='ocrx_word' id='word_1_18' title='bbox 1136 334 1243 373; x_wconf 89' lang='lat' dir='ltr'>hunc</span> <span class='ocrx_word' id='word_1_19' title='bbox 1261 333 1441 374; x_wconf 89' lang='lat' dir='ltr'>iuuenem</span> <span class='ocrx_word' id='word_1_20' title='bbox 1470 334 1508 374; x_wconf 89' lang='lat' dir='ltr'>in</span> <span class='ocrx_word' id='word_1_21' title='bbox 1527 334 1589 375; x_wconf 88' lang='lat' dir='ltr'>dei</span> 
     </span>
     <span class='ocr_line' id='line_1_4' title="bbox 172 390 1590 434; baseline 0.003 -4"><span class='ocrx_word' id='word_1_22' title='bbox 172 390 227 430; x_wconf 90' lang='lat' dir='ltr'>tui</span> <span class='ocrx_word' id='word_1_23' title='bbox 255 390 413 431; x_wconf 89' lang='lat' dir='ltr'>nomine</span> <span class='ocrx_word' id='word_1_24' title='bbox 440 391 668 431; x_wconf 65' lang='lat' dir='ltr'>miscitat-e</span> <span class='ocrx_word' id='word_1_25' title='bbox 693 391 855 431; x_wconf 64' lang='lat' dir='ltr'>ualeret.</span> <span class='ocrx_word' id='word_1_26' title='bbox 910 391 1092 432; x_wconf 79' lang='lat' dir='ltr'><strong>Protinus</strong></span> <span class='ocrx_word' id='word_1_27' title='bbox 1120 392 1180 432; x_wconf 90' lang='lat' dir='ltr'>uir</span> <span class='ocrx_word' id='word_1_28' title='bbox 1206 397 1364 433; x_wconf 83' lang='lat' dir='ltr'>sanctus</span> <span class='ocrx_word' id='word_1_29' title='bbox 1390 393 1590 434; x_wconf 86' lang='lat' dir='ltr'>confidens</span> 
     </span>
     <span class='ocr_line' id='line_1_5' title="bbox 172 449 1591 504; baseline 0.003 -15"><span class='ocrx_word' id='word_1_30' title='bbox 172 450 221 489; x_wconf 94' lang='lat' dir='ltr'>de</span> <span class='ocrx_word' id='word_1_31' title='bbox 256 449 399 489; x_wconf 80' lang='lat' dir='ltr'>Christi</span> <span class='ocrx_word' id='word_1_32' title='bbox 436 449 577 490; x_wconf 85' lang='lat' dir='ltr'>uirtute</span> <span class='ocrx_word' id='word_1_33' title='bbox 612 450 731 490; x_wconf 86' lang='lat' dir='ltr'>currit</span> <span class='ocrx_word' id='word_1_34' title='bbox 770 450 951 502; x_wconf 88' lang='lat' dir='ltr'>iubetque</span> <span class='ocrx_word' id='word_1_35' title='bbox 986 456 1089 491; x_wconf 87' lang='lat' dir='ltr'>stare</span> <span class='ocrx_word' id='word_1_36' title='bbox 1116 452 1298 491; x_wconf 76' lang='lat' dir='ltr'>feretrum</span> <span class='ocrx_word' id='word_1_37' title='bbox 1334 452 1591 504; x_wconf 84' lang='lat' dir='ltr'>inuocatoque</span> 
     </span>
     <span class='ocr_line' id='line_1_6' title="bbox 172 508 1662 559; baseline 0.003 -11"><span class='ocrx_word' id='word_1_38' title='bbox 172 508 333 548; x_wconf 90' lang='lat' dir='ltr'>nomine</span> <span class='ocrx_word' id='word_1_39' title='bbox 359 509 502 549; x_wconf 82' lang='lat' dir='ltr'>Christi</span> <span class='ocrx_word' id='word_1_40' title='bbox 529 509 605 549; x_wconf 85' lang='lat' dir='ltr'>alta</span> <span class='ocrx_word' id='word_1_41' title='bbox 632 521 730 549; x_wconf 86' lang='lat' dir='ltr'>uoce</span> <span class='ocrx_word' id='word_1_42' title='bbox 755 510 913 550; x_wconf 82' lang='lat' dir='ltr'>clamat:</span> <span class='ocrx_word' id='word_1_43' title='bbox 941 510 1190 559; x_wconf 84' lang='lat' dir='ltr'>Adolescens,</span> <span class='ocrx_word' id='word_1_44' title='bbox 1218 511 1258 550; x_wconf 87' lang='lat' dir='ltr'>in</span> <span class='ocrx_word' id='word_1_45' title='bbox 1287 511 1427 551; x_wconf 87' lang='lat' dir='ltr'>uirtute</span> <span class='ocrx_word' id='word_1_46' title='bbox 1445 512 1590 552; x_wconf 91' lang='lat' dir='ltr'>domini</span> <span class='ocrx_word' id='word_1_47' title='bbox 1635 513 1662 552; x_wconf 82' lang='lat'>5</span> 
     </span>
     <span class='ocr_line' id='line_1_7' title="bbox 172 567 1591 622; baseline 0.003 -15"><span class='ocrx_word' id='word_1_48' title='bbox 172 567 292 607; x_wconf 64' lang='lat' dir='ltr'>Ihesu</span> <span class='ocrx_word' id='word_1_49' title='bbox 329 567 471 608; x_wconf 78' lang='lat' dir='ltr'>Christi</span> <span class='ocrx_word' id='word_1_50' title='bbox 512 568 714 608; x_wconf 74' lang='lat' dir='ltr'>saluatoris</span> <span class='ocrx_word' id='word_1_51' title='bbox 755 568 823 608; x_wconf 90' lang='lat' dir='ltr'>tibi</span> <span class='ocrx_word' id='word_1_52' title='bbox 869 569 972 609; x_wconf 89' lang='lat' dir='ltr'>dico:</span> <span class='ocrx_word' id='word_1_53' title='bbox 1019 569 1143 620; x_wconf 81' lang='lat' dir='ltr'>Surge</span> <span class='ocrx_word' id='word_1_54' title='bbox 1183 574 1220 609; x_wconf 92' lang='lat' dir='ltr'>et</span> <span class='ocrx_word' id='word_1_55' title='bbox 1256 570 1410 622; x_wconf 84' lang='lat' dir='ltr'>predica</span> <span class='ocrx_word' id='word_1_56' title='bbox 1450 572 1591 622; x_wconf 89' lang='lat' dir='ltr'>populo</span> 
     </span>
     <span class='ocr_line' id='line_1_8' title="bbox 172 626 1591 681; baseline 0.002 -15"><span class='ocrx_word' id='word_1_57' title='bbox 172 627 385 678; x_wconf 85' lang='lat' dir='ltr'>potentiam</span> <span class='ocrx_word' id='word_1_58' title='bbox 411 626 473 667; x_wconf 91' lang='lat' dir='ltr'>dei</span> <span class='ocrx_word' id='word_1_59' title='bbox 501 627 644 679; x_wconf 78' lang='lat' dir='ltr'>magni.</span> <span class='ocrx_word' id='word_1_60' title='bbox 700 627 747 667; x_wconf 85' lang='lat' dir='ltr'>Et</span> <span class='ocrx_word' id='word_1_61' title='bbox 774 628 939 668; x_wconf 79' lang='lat' dir='ltr'>surrexit</span> <span class='ocrx_word' id='word_1_62' title='bbox 967 628 1032 679; x_wconf 90' lang='lat' dir='ltr'>qui</span> <span class='ocrx_word' id='word_1_63' title='bbox 1059 634 1141 668; x_wconf 88' lang='lat' dir='ltr'>erat</span> <span class='ocrx_word' id='word_1_64' title='bbox 1168 634 1345 669; x_wconf 90' lang='lat' dir='ltr'>mortuus</span> <span class='ocrx_word' id='word_1_65' title='bbox 1372 634 1410 669; x_wconf 87' lang='lat' dir='ltr'>et</span> <span class='ocrx_word' id='word_1_66' title='bbox 1446 630 1591 681; x_wconf 79' lang='lat' dir='ltr'>magni-</span> 
     </span>
     <span class='ocr_line' id='line_1_9' title="bbox 175 685 1591 740; baseline 0.001 -14"><span class='ocrx_word' id='word_1_67' title='bbox 175 685 315 726; x_wconf 85' lang='lat' dir='ltr'>ficabat</span> <span class='ocrx_word' id='word_1_68' title='bbox 328 686 540 735; x_wconf 83' lang='lat' dir='ltr'>Christum,</span> <span class='ocrx_word' id='word_1_69' title='bbox 567 687 674 727; x_wconf 90' lang='lat' dir='ltr'>hunc</span> <span class='ocrx_word' id='word_1_70' title='bbox 700 700 787 727; x_wconf 87' lang='lat' dir='ltr'>esse</span> <span class='ocrx_word' id='word_1_71' title='bbox 813 687 940 727; x_wconf 92' lang='lat' dir='ltr'>solum</span> <span class='ocrx_word' id='word_1_72' title='bbox 968 688 1084 727; x_wconf 90' lang='lat' dir='ltr'>deum</span> <span class='ocrx_word' id='word_1_73' title='bbox 1104 693 1142 727; x_wconf 92' lang='lat' dir='ltr'>et</span> <span class='ocrx_word' id='word_1_74' title='bbox 1168 701 1306 728; x_wconf 88' lang='lat' dir='ltr'>uerum</span> <span class='ocrx_word' id='word_1_75' title='bbox 1333 688 1591 740; x_wconf 84' lang='lat' dir='ltr'>proclamans,</span> 
     </span>
     <span class='ocr_line' id='line_1_10' title="bbox 173 746 1592 800; baseline 0.002 -16"><span class='ocrx_word' id='word_1_76' title='bbox 173 746 286 796; x_wconf 86' lang='lat' dir='ltr'>ydola</span> <span class='ocrx_word' id='word_1_77' title='bbox 313 758 408 786; x_wconf 88' lang='lat' dir='ltr'>uero</span> <span class='ocrx_word' id='word_1_78' title='bbox 434 759 513 786; x_wconf 93' lang='lat' dir='ltr'>non</span> <span class='ocrx_word' id='word_1_79' title='bbox 542 747 637 787; x_wconf 88' lang='lat' dir='ltr'>deos</span> <span class='ocrx_word' id='word_1_80' title='bbox 664 760 750 787; x_wconf 59' lang='lat' dir='ltr'>esse</span> <span class='ocrx_word' id='word_1_81' title='bbox 786 747 855 787; x_wconf 85' lang='lat' dir='ltr'>sed</span> <span class='ocrx_word' id='word_1_82' title='bbox 882 747 1074 787; x_wconf 87' lang='lat' dir='ltr'>demonia.</span> <span class='ocrx_word' id='word_1_83' title='bbox 1131 747 1189 787; x_wconf 71' lang='lat' dir='ltr'>Fit</span> <span class='ocrx_word' id='word_1_84' title='bbox 1215 760 1307 799; x_wconf 81' lang='lat' dir='ltr'>ergo</span> <span class='ocrx_word' id='word_1_85' title='bbox 1334 761 1499 799; x_wconf 79' lang='lat' dir='ltr'>magnus</span> <span class='ocrx_word' id='word_1_86' title='bbox 1527 762 1592 800; x_wconf 87' lang='lat' dir='ltr'>po-</span> 
     </span>
     <span class='ocr_line' id='line_1_11' title="bbox 173 804 1665 857; baseline 0.001 -13"><span class='ocrx_word' id='word_1_87' title='bbox 173 804 353 856; x_wconf 89' lang='lat' dir='ltr'>pulorum</span> <span class='ocrx_word' id='word_1_88' title='bbox 380 818 593 846; x_wconf 76' lang='lat' dir='ltr'>concursus</span> <span class='ocrx_word' id='word_1_89' title='bbox 620 806 860 846; x_wconf 76' lang='lat' dir='ltr'>laudantium</span> <span class='ocrx_word' id='word_1_90' title='bbox 888 811 926 846; x_wconf 93' lang='lat' dir='ltr'>et</span> <span class='ocrx_word' id='word_1_91' title='bbox 952 806 1281 857; x_wconf 84' lang='lat' dir='ltr'>magnificantium</span> <span class='ocrx_word' id='word_1_92' title='bbox 1309 807 1466 846; x_wconf 90' lang='lat' dir='ltr'>lhesum</span> <span class='ocrx_word' id='word_1_93' title='bbox 1485 808 1592 847; x_wconf 90' lang='lat' dir='ltr'>Chri·</span> <span class='ocrx_word' id='word_1_94' title='bbox 1614 806 1665 845; x_wconf 88' lang='lat'>10</span> 
     </span>
     <span class='ocr_line' id='line_1_12' title="bbox 172 865 1538 917; baseline 0.002 -14"><span class='ocrx_word' id='word_1_95' title='bbox 172 868 289 911; x_wconf 87' lang='lat' dir='ltr'>stum,</span> <span class='ocrx_word' id='word_1_96' title='bbox 321 870 358 904; x_wconf 91' lang='lat' dir='ltr'>et</span> <span class='ocrx_word' id='word_1_97' title='bbox 386 865 527 904; x_wconf 90' lang='lat' dir='ltr'>siccate</span> <span class='ocrx_word' id='word_1_98' title='bbox 544 870 636 905; x_wconf 89' lang='lat' dir='ltr'>sunt</span> <span class='ocrx_word' id='word_1_99' title='bbox 661 865 819 905; x_wconf 77' lang='lat' dir='ltr'>laci-ime</span> <span class='ocrx_word' id='word_1_100' title='bbox 838 865 1071 917; x_wconf 78' lang='lat' dir='ltr'>plorantium</span> <span class='ocrx_word' id='word_1_101' title='bbox 1098 866 1237 917; x_wconf 80' lang='lat' dir='ltr'>gaudio</span> <span class='ocrx_word' id='word_1_102' title='bbox 1265 866 1538 917; x_wconf 89' lang='lat' dir='ltr'>subsequente.</span> 
     </span>
     <span class='ocr_line' id='line_1_13' title="bbox 173 921 1593 1010; baseline 0.002 -47"><span class='ocrx_word' id='word_1_103' title='bbox 173 921 351 1010; x_wconf 80' lang='lat' dir='ltr'>Eodem</span> <span class='ocrx_word' id='word_1_104' title='bbox 371 929 502 964; x_wconf 89' lang='lat' dir='ltr'>autem</span> <span class='ocrx_word' id='word_1_105' title='bbox 516 924 578 964; x_wconf 90' lang='lat' dir='ltr'>die</span> <span class='ocrx_word' id='word_1_106' title='bbox 594 924 778 964; x_wconf 89' lang='lat' dir='ltr'>Lucinius</span> <span class='ocrx_word' id='word_1_107' title='bbox 796 937 886 964; x_wconf 90' lang='lat' dir='ltr'>cum</span> <span class='ocrx_word' id='word_1_108' title='bbox 901 938 1044 976; x_wconf 79' lang='lat' dir='ltr'>magna</span> <span class='ocrx_word' id='word_1_109' title='bbox 1061 925 1190 977; x_wconf 90' lang='lat' dir='ltr'>populi</span> <span class='ocrx_word' id='word_1_110' title='bbox 1210 930 1318 976; x_wconf 86' lang='lat' dir='ltr'>parte</span> <span class='ocrx_word' id='word_1_111' title='bbox 1336 925 1375 965; x_wconf 89' lang='lat' dir='ltr'>in</span> <span class='ocrx_word' id='word_1_112' title='bbox 1395 926 1593 966; x_wconf 87' lang='lat' dir='ltr'>Christum</span> 
     </span>
     <span class='ocr_line' id='line_1_14' title="bbox 264 983 1594 1036; baseline 0.001 -12"><span class='ocrx_word' id='word_1_113' title='bbox 264 984 426 1025; x_wconf 89' lang='lat' dir='ltr'>credens</span> <span class='ocrx_word' id='word_1_114' title='bbox 453 983 667 1035; x_wconf 84' lang='lat' dir='ltr'>baptizatus</span> <span class='ocrx_word' id='word_1_115' title='bbox 686 988 743 1023; x_wconf 90' lang='lat' dir='ltr'>est</span> <span class='ocrx_word' id='word_1_116' title='bbox 771 996 995 1035; x_wconf 90' lang='lat' dir='ltr'>nomenque</span> <span class='ocrx_word' id='word_1_117' title='bbox 1012 983 1183 1036; x_wconf 85' lang='lat' dir='ltr'>priscum</span> <span class='ocrx_word' id='word_1_118' title='bbox 1201 984 1274 1023; x_wconf 89' lang='lat' dir='ltr'>sibi</span> <span class='ocrx_word' id='word_1_119' title='bbox 1293 985 1459 1024; x_wconf 87' lang='lat' dir='ltr'>retinuit.</span> <span class='ocrx_word' id='word_1_120' title='bbox 1499 985 1594 1025; x_wconf 89' lang='lat' dir='ltr'>Inde</span> 
     </span>
     <span class='ocr_line' id='line_1_15' title="bbox 176 1042 1593 1095; baseline -0.001 -9"><span class='ocrx_word' id='word_1_121' title='bbox 176 1059 271 1086; x_wconf 87' lang='lat' dir='ltr'>uero</span> <span class='ocrx_word' id='word_1_122' title='bbox 312 1043 535 1084; x_wconf 60' lang='lat' dir='ltr'>desiderans</span> <span class='ocrx_word' id='word_1_123' title='bbox 574 1042 706 1083; x_wconf 90' lang='lat' dir='ltr'>uidere</span> <span class='ocrx_word' id='word_1_124' title='bbox 741 1042 884 1083; x_wconf 85' lang='lat' dir='ltr'>Christi</span> <span class='ocrx_word' id='word_1_125' title='bbox 911 1043 1118 1095; x_wconf 87' lang='lat' dir='ltr'>apostolos,</span> <span class='ocrx_word' id='word_1_126' title='bbox 1155 1057 1319 1095; x_wconf 86' lang='lat' dir='ltr'>regnum</span> <span class='ocrx_word' id='word_1_127' title='bbox 1356 1044 1449 1084; x_wconf 91' lang='lat' dir='ltr'>illud</span> <span class='ocrx_word' id='word_1_128' title='bbox 1485 1044 1593 1084; x_wconf 87' lang='lat' dir='ltr'>diues</span> 
     </span>
     <span class='ocr_line' id='line_1_16' title="bbox 176 1101 1666 1154; baseline -0.002 -9"><span class='ocrx_word' id='word_1_129' title='bbox 176 1105 304 1145; x_wconf 86' lang='lat' dir='ltr'>Sicilie</span> <span class='ocrx_word' id='word_1_130' title='bbox 331 1103 483 1143; x_wconf 83' lang='lat' dir='ltr'>cuidam</span> <span class='ocrx_word' id='word_1_131' title='bbox 502 1102 716 1142; x_wconf 89' lang='lat' dir='ltr'>amicorum</span> <span class='ocrx_word' id='word_1_132' title='bbox 744 1102 967 1142; x_wconf 88' lang='lat' dir='ltr'>fidelissimo</span> <span class='ocrx_word' id='word_1_133' title='bbox 985 1102 1160 1143; x_wconf 85' lang='lat' dir='ltr'>ordinato</span> <span class='ocrx_word' id='word_1_134' title='bbox 1179 1102 1220 1142; x_wconf 90' lang='lat' dir='ltr'>in</span> <span class='ocrx_word' id='word_1_135' title='bbox 1239 1116 1370 1154; x_wconf 85' lang='lat' dir='ltr'>regem</span> <span class='ocrx_word' id='word_1_136' title='bbox 1397 1103 1595 1154; x_wconf 86' lang='lat' dir='ltr'>dereliquit</span> <span class='ocrx_word' id='word_1_137' title='bbox 1615 1101 1666 1140; x_wconf 89' lang='grc'>15</span> 
     </span>
     <span class='ocr_line' id='line_1_17' title="bbox 176 1162 1596 1215; baseline -0.001 -10"><span class='ocrx_word' id='word_1_138' title='bbox 176 1168 454 1215; x_wconf 81' lang='lat' dir='ltr'>assumptoque</span> <span class='ocrx_word' id='word_1_139' title='bbox 499 1174 632 1201; x_wconf 89' lang='lat' dir='ltr'>secum</span> <span class='ocrx_word' id='word_1_140' title='bbox 673 1162 757 1201; x_wconf 88' lang='lat' dir='ltr'>uiro</span> <span class='ocrx_word' id='word_1_141' title='bbox 793 1167 928 1201; x_wconf 87' lang='lat' dir='ltr'>sancto</span> <span class='ocrx_word' id='word_1_142' title='bbox 964 1167 1116 1202; x_wconf 91' lang='lat' dir='ltr'>tantum</span> <span class='ocrx_word' id='word_1_143' title='bbox 1152 1162 1443 1203; x_wconf 81' lang='lat' dir='ltr'>lherosolimam</span> <span class='ocrx_word' id='word_1_144' title='bbox 1480 1163 1596 1215; x_wconf 89' lang='lat' dir='ltr'>pedes</span> 
     </span>
     <span class='ocr_line' id='line_1_18' title="bbox 179 1221 1596 1276; baseline -0.001 -13"><span class='ocrx_word' id='word_1_145' title='bbox 179 1223 359 1276; x_wconf 85' lang='lat' dir='ltr'>perrexit.</span> <span class='ocrx_word' id='word_1_146' title='bbox 414 1221 559 1261; x_wconf 88' lang='lat' dir='ltr'>Verum</span> <span class='ocrx_word' id='word_1_147' title='bbox 599 1221 691 1273; x_wconf 89' lang='lat' dir='ltr'>quid</span> <span class='ocrx_word' id='word_1_148' title='bbox 731 1226 819 1272; x_wconf 90' lang='lat' dir='ltr'>post</span> <span class='ocrx_word' id='word_1_149' title='bbox 858 1221 932 1261; x_wconf 89' lang='lat' dir='ltr'>hec</span> <span class='ocrx_word' id='word_1_150' title='bbox 971 1222 1101 1273; x_wconf 81' lang='lat' dir='ltr'>egerit,</span> <span class='ocrx_word' id='word_1_151' title='bbox 1141 1227 1273 1262; x_wconf 90' lang='lat' dir='ltr'>utrum</span> <span class='ocrx_word' id='word_1_152' title='bbox 1314 1222 1508 1273; x_wconf 86' lang='lat' dir='ltr'>apostolos</span> <span class='ocrx_word' id='word_1_153' title='bbox 1547 1223 1596 1262; x_wconf 85' lang='lat' dir='ltr'>ad</span> 
     </span>
     <span class='ocr_line' id='line_1_19' title="bbox 178 1280 1596 1335; baseline -0.001 -13"><span class='ocrx_word' id='word_1_154' title='bbox 178 1281 483 1335; x_wconf 74' lang='lat' dir='ltr'>predioetiouem</span> <span class='ocrx_word' id='word_1_155' title='bbox 510 1281 681 1332; x_wconf 81' lang='lat' dir='ltr'>gentium</span> <span class='ocrx_word' id='word_1_156' title='bbox 717 1286 872 1320; x_wconf 88' lang='lat' dir='ltr'>secutus</span> <span class='ocrx_word' id='word_1_157' title='bbox 900 1281 1012 1320; x_wconf 81' lang='lat' dir='ltr'>fuerit</span> <span class='ocrx_word' id='word_1_158' title='bbox 1038 1295 1088 1320; x_wconf 88' lang='lat' dir='ltr'>an</span> <span class='ocrx_word' id='word_1_159' title='bbox 1118 1280 1218 1321; x_wconf 86' lang='lat' dir='ltr'>circa</span> <span class='ocrx_word' id='word_1_160' title='bbox 1252 1281 1335 1321; x_wconf 85' lang='lat' dir='ltr'>loca</span> <span class='ocrx_word' id='word_1_161' title='bbox 1371 1287 1505 1321; x_wconf 88' lang='lat' dir='ltr'>sancta</span> <span class='ocrx_word' id='word_1_162' title='bbox 1539 1294 1596 1321; x_wconf 90' lang='lat' dir='ltr'>re·</span> 
     </span>
     <span class='ocr_line' id='line_1_20' title="bbox 178 1339 1596 1391; baseline -0.001 -9"><span class='ocrx_word' id='word_1_163' title='bbox 178 1341 377 1389; x_wconf 75' lang='lat' dir='ltr'>manserit,</span> <span class='ocrx_word' id='word_1_164' title='bbox 418 1340 608 1379; x_wconf 87' lang='lat' dir='ltr'>incertum</span> <span class='ocrx_word' id='word_1_165' title='bbox 647 1339 837 1380; x_wconf 79' lang='lat' dir='ltr'>habentes</span> <span class='ocrx_word' id='word_1_166' title='bbox 876 1340 952 1380; x_wconf 92' lang='lat' dir='ltr'>hoc</span> <span class='ocrx_word' id='word_1_167' title='bbox 991 1345 1139 1380; x_wconf 89' lang='lat' dir='ltr'>certum</span> <span class='ocrx_word' id='word_1_168' title='bbox 1178 1340 1369 1380; x_wconf 83' lang='lat' dir='ltr'>habemus</span> <span class='ocrx_word' id='word_1_169' title='bbox 1408 1341 1511 1391; x_wconf 90' lang='lat' dir='ltr'>quod</span> <span class='ocrx_word' id='word_1_170' title='bbox 1547 1341 1596 1381; x_wconf 84' lang='lat' dir='ltr'>ad</span> 
     </span>
     <span class='ocr_line' id='line_1_21' title="bbox 177 1396 1668 1452; baseline -0.003 -11"><span class='ocrx_word' id='word_1_171' title='bbox 177 1413 346 1452; x_wconf 81' lang='lat' dir='ltr'>regnum</span> <span class='ocrx_word' id='word_1_172' title='bbox 373 1412 489 1440; x_wconf 90' lang='lat' dir='ltr'>suum</span> <span class='ocrx_word' id='word_1_173' title='bbox 516 1399 674 1439; x_wconf 89' lang='lat' dir='ltr'>ulterius</span> <span class='ocrx_word' id='word_1_174' title='bbox 701 1412 782 1439; x_wconf 91' lang='lat' dir='ltr'>non</span> <span class='ocrx_word' id='word_1_175' title='bbox 816 1399 939 1439; x_wconf 91' lang='lat' dir='ltr'>rediit.</span> <span class='ocrx_word' id='word_1_176' title='bbox 994 1399 1116 1439; x_wconf 88' lang='lat' dir='ltr'>Aiunt</span> <span class='ocrx_word' id='word_1_177' title='bbox 1143 1404 1272 1440; x_wconf 85' lang='lat' dir='ltr'>tamen</span> <span class='ocrx_word' id='word_1_178' title='bbox 1307 1399 1464 1451; x_wconf 90' lang='lat' dir='ltr'>quidam</span> <span class='ocrx_word' id='word_1_179' title='bbox 1492 1401 1596 1451; x_wconf 91' lang='lat' dir='ltr'>quod</span> <span class='ocrx_word' id='word_1_180' title='bbox 1613 1396 1668 1436; x_wconf 79' lang='lat'>20</span> 
     </span>
     <span class='ocr_line' id='line_1_22' title="bbox 176 1458 1595 1510; baseline -0.001 -10"><span class='ocrx_word' id='word_1_181' title='bbox 176 1460 278 1500; x_wconf 85' lang='lat' dir='ltr'>circa</span> <span class='ocrx_word' id='word_1_182' title='bbox 306 1458 515 1499; x_wconf 81' lang='lat' dir='ltr'>natiuitatis</span> <span class='ocrx_word' id='word_1_183' title='bbox 542 1463 581 1498; x_wconf 90' lang='lat' dir='ltr'>et</span> <span class='ocrx_word' id='word_1_184' title='bbox 607 1458 797 1510; x_wconf 81' lang='lat' dir='ltr'>passionis</span> <span class='ocrx_word' id='word_1_185' title='bbox 817 1458 959 1499; x_wconf 90' lang='lat' dir='ltr'>Christi</span> <span class='ocrx_word' id='word_1_186' title='bbox 986 1459 1070 1498; x_wconf 86' lang='lat' dir='ltr'>loca</span> <span class='ocrx_word' id='word_1_187' title='bbox 1096 1463 1231 1498; x_wconf 85' lang='lat' dir='ltr'>sancta</span> <span class='ocrx_word' id='word_1_188' title='bbox 1250 1471 1373 1509; x_wconf 87' lang='lat' dir='ltr'>usque</span> <span class='ocrx_word' id='word_1_189' title='bbox 1400 1459 1448 1498; x_wconf 88' lang='lat' dir='ltr'>ad</span> <span class='ocrx_word' id='word_1_190' title='bbox 1477 1459 1595 1498; x_wconf 91' lang='lat' dir='ltr'>finem</span> 
     </span>
     <span class='ocr_line' id='line_1_23' title="bbox 179 1517 1595 1569; baseline -0.001 -10"><span class='ocrx_word' id='word_1_191' title='bbox 179 1520 258 1559; x_wconf 92' lang='lat' dir='ltr'>uite</span> <span class='ocrx_word' id='word_1_192' title='bbox 286 1531 356 1559; x_wconf 90' lang='lat' dir='ltr'>sue</span> <span class='ocrx_word' id='word_1_193' title='bbox 382 1518 581 1558; x_wconf 83' lang='lat' dir='ltr'>manserit.</span> <span class='ocrx_word' id='word_1_194' title='bbox 617 1517 812 1568; x_wconf 87' lang='lat' dir='ltr'>Quidquid</span> <span class='ocrx_word' id='word_1_195' title='bbox 831 1523 961 1558; x_wconf 89' lang='lat' dir='ltr'>autem</span> <span class='ocrx_word' id='word_1_196' title='bbox 980 1518 1111 1564; x_wconf 62' lang='lat' dir='ltr'>egerit,</span> <span class='ocrx_word' id='word_1_197' title='bbox 1139 1518 1370 1557; x_wconf 87' lang='lat' dir='ltr'>confidimus</span> <span class='ocrx_word' id='word_1_198' title='bbox 1397 1518 1437 1557; x_wconf 91' lang='lat' dir='ltr'>in</span> <span class='ocrx_word' id='word_1_199' title='bbox 1466 1531 1512 1558; x_wconf 92' lang='lat' dir='ltr'>eo</span> <span class='ocrx_word' id='word_1_200' title='bbox 1531 1517 1595 1569; x_wconf 91' lang='lat' dir='ltr'>qui</span> 
     </span>
     <span class='ocr_line' id='line_1_24' title="bbox 176 1577 1596 1618; baseline -0.001 0"><span class='ocrx_word' id='word_1_201' title='bbox 176 1591 267 1618; x_wconf 88' lang='lat' dir='ltr'>eum</span> <span class='ocrx_word' id='word_1_202' title='bbox 294 1583 332 1618; x_wconf 89' lang='lat' dir='ltr'>et</span> <span class='ocrx_word' id='word_1_203' title='bbox 358 1578 407 1617; x_wconf 85' lang='lat' dir='ltr'>ad</span> <span class='ocrx_word' id='word_1_204' title='bbox 434 1577 550 1617; x_wconf 86' lang='lat' dir='ltr'>fidem</span> <span class='ocrx_word' id='word_1_205' title='bbox 577 1590 690 1616; x_wconf 87' lang='lat' dir='ltr'>suam</span> <span class='ocrx_word' id='word_1_206' title='bbox 716 1577 870 1617; x_wconf 86' lang='lat' dir='ltr'>uocauit</span> <span class='ocrx_word' id='word_1_207' title='bbox 889 1583 927 1617; x_wconf 93' lang='lat' dir='ltr'>et</span> <span class='ocrx_word' id='word_1_208' title='bbox 953 1578 1003 1617; x_wconf 89' lang='lat' dir='ltr'>ad</span> <span class='ocrx_word' id='word_1_209' title='bbox 1030 1579 1115 1617; x_wconf 86' lang='lat' dir='ltr'>loca</span> <span class='ocrx_word' id='word_1_210' title='bbox 1132 1582 1265 1617; x_wconf 89' lang='lat' dir='ltr'>sancte</span> <span class='ocrx_word' id='word_1_211' title='bbox 1293 1577 1596 1617; x_wconf 86' lang='lat' dir='ltr'>conuersationis</span> 
     </span>
     <span class='ocr_line' id='line_1_25' title="bbox 177 1636 1594 1687; baseline -0.001 -9"><span class='ocrx_word' id='word_1_212' title='bbox 177 1651 247 1678; x_wconf 90' lang='lat' dir='ltr'>sue</span> <span class='ocrx_word' id='word_1_213' title='bbox 276 1637 401 1685; x_wconf 82' lang='lat' dir='ltr'>traxit,</span> <span class='ocrx_word' id='word_1_214' title='bbox 431 1637 534 1687; x_wconf 90' lang='lat' dir='ltr'>quod</span> <span class='ocrx_word' id='word_1_215' title='bbox 561 1649 684 1687; x_wconf 87' lang='lat' dir='ltr'>usque</span> <span class='ocrx_word' id='word_1_216' title='bbox 710 1636 751 1676; x_wconf 91' lang='lat' dir='ltr'>in</span> <span class='ocrx_word' id='word_1_217' title='bbox 781 1637 899 1676; x_wconf 88' lang='lat' dir='ltr'>finem</span> <span class='ocrx_word' id='word_1_218' title='bbox 927 1637 1009 1676; x_wconf 91' lang='lat' dir='ltr'>eius</span> <span class='ocrx_word' id='word_1_219' title='bbox 1036 1642 1145 1676; x_wconf 83' lang='lat' dir='ltr'>actus</span> <span class='ocrx_word' id='word_1_220' title='bbox 1163 1636 1343 1676; x_wconf 85' lang='lat' dir='ltr'>direxerit</span> <span class='ocrx_word' id='word_1_221' title='bbox 1370 1649 1537 1687; x_wconf 89' lang='lat' dir='ltr'>eumque</span> <span class='ocrx_word' id='word_1_222' title='bbox 1555 1636 1594 1676; x_wconf 92' lang='lat' dir='ltr'>in</span> 
     </span>
     <span class='ocr_line' id='line_1_26' title="bbox 177 1689 1666 1747; baseline -0.002 -11"><span class='ocrx_word' id='word_1_223' title='bbox 177 1696 317 1747; x_wconf 84' lang='lat' dir='ltr'>quietis</span> <span class='ocrx_word' id='word_1_224' title='bbox 344 1695 554 1747; x_wconf 85' lang='lat' dir='ltr'>susceperit</span> <span class='ocrx_word' id='word_1_225' title='bbox 580 1695 839 1736; x_wconf 83' lang='lat' dir='ltr'>mansionem.</span> <span class='ocrx_word' id='word_1_226' title='bbox 1614 1689 1666 1729; x_wconf 77' lang='lat'>25</span> 
     </span>
     <span class='ocr_line' id='line_1_27' title="bbox 175 1754 1596 1844; baseline -0.001 -49"><span class='ocrx_word' id='word_1_227' title='bbox 175 1755 287 1844; x_wconf 86' lang='lat' dir='ltr'>Hic</span> <span class='ocrx_word' id='word_1_228' title='bbox 323 1768 415 1807; x_wconf 81' lang='lat' dir='ltr'>ergo</span> <span class='ocrx_word' id='word_1_229' title='bbox 450 1754 661 1795; x_wconf 86' lang='lat' dir='ltr'>narrationi</span> <span class='ocrx_word' id='word_1_230' title='bbox 687 1767 774 1794; x_wconf 91' lang='lat' dir='ltr'>mee</span> <span class='ocrx_word' id='word_1_231' title='bbox 810 1755 930 1795; x_wconf 89' lang='lat' dir='ltr'>finem</span> <span class='ocrx_word' id='word_1_232' title='bbox 957 1754 1163 1806; x_wconf 91' lang='lat' dir='ltr'>imponens</span> <span class='ocrx_word' id='word_1_233' title='bbox 1195 1754 1380 1794; x_wconf 90' lang='lat' dir='ltr'>lectorem</span> <span class='ocrx_word' id='word_1_234' title='bbox 1415 1767 1510 1806; x_wconf 85' lang='lat' dir='ltr'>rogo</span> <span class='ocrx_word' id='word_1_235' title='bbox 1546 1767 1596 1794; x_wconf 91' lang='lat' dir='ltr'>ne</span> 
     </span>
     <span class='ocr_line' id='line_1_28' title="bbox 280 1813 1597 1865; baseline -0.002 -10"><span class='ocrx_word' id='word_1_236' title='bbox 280 1814 516 1855; x_wconf 86' lang='lat' dir='ltr'>incredibilia</span> <span class='ocrx_word' id='word_1_237' title='bbox 542 1814 605 1854; x_wconf 89' lang='lat' dir='ltr'>uel</span> <span class='ocrx_word' id='word_1_238' title='bbox 622 1813 874 1865; x_wconf 87' lang='lat' dir='ltr'>impossibilia</span> <span class='ocrx_word' id='word_1_239' title='bbox 891 1827 955 1853; x_wconf 91' lang='lat' dir='ltr'>me</span> <span class='ocrx_word' id='word_1_240' title='bbox 983 1813 1183 1865; x_wconf 86' lang='lat' dir='ltr'>scripsisse</span> <span class='ocrx_word' id='word_1_241' title='bbox 1206 1814 1414 1854; x_wconf 89' lang='lat' dir='ltr'>contendat</span> <span class='ocrx_word' id='word_1_242' title='bbox 1442 1826 1514 1853; x_wconf 92' lang='lat' dir='ltr'>nec</span> <span class='ocrx_word' id='word_1_243' title='bbox 1532 1826 1597 1853; x_wconf 91' lang='lat' dir='ltr'>me</span> 
     </span>
     <span class='ocr_line' id='line_1_29' title="bbox 176 1872 1596 1925; baseline -0.001 -11"><span class='ocrx_word' id='word_1_244' title='bbox 176 1874 316 1914; x_wconf 89' lang='lat' dir='ltr'>iudicet</span> <span class='ocrx_word' id='word_1_245' title='bbox 342 1873 696 1925; x_wconf 87' lang='lat' dir='ltr'>reprehensibilem,</span> <span class='ocrx_word' id='word_1_246' title='bbox 724 1873 834 1924; x_wconf 89' lang='lat' dir='ltr'>quasi</span> <span class='ocrx_word' id='word_1_247' title='bbox 851 1886 919 1913; x_wconf 90' lang='lat' dir='ltr'>eos</span> <span class='ocrx_word' id='word_1_248' title='bbox 946 1873 1117 1913; x_wconf 86' lang='lat' dir='ltr'>imitatus</span> <span class='ocrx_word' id='word_1_249' title='bbox 1143 1873 1218 1913; x_wconf 88' lang='lat' dir='ltr'>sim</span> <span class='ocrx_word' id='word_1_250' title='bbox 1246 1885 1412 1924; x_wconf 90' lang='lat' dir='ltr'>quorum</span> <span class='ocrx_word' id='word_1_251' title='bbox 1439 1872 1533 1912; x_wconf 89' lang='lat' dir='ltr'>uitia</span> <span class='ocrx_word' id='word_1_252' title='bbox 1555 1872 1596 1912; x_wconf 91' lang='lat' dir='ltr'>in</span> 
     </span>
     <span class='ocr_line' id='line_1_30' title="bbox 177 1931 1596 1985; baseline -0.001 -12"><span class='ocrx_word' id='word_1_253' title='bbox 177 1933 265 1973; x_wconf 90' lang='lat' dir='ltr'>libri</span> <span class='ocrx_word' id='word_1_254' title='bbox 298 1933 575 1985; x_wconf 82' lang='lat' dir='ltr'>prefatiuncula</span> <span class='ocrx_word' id='word_1_255' title='bbox 609 1932 832 1984; x_wconf 83' lang='lat' dir='ltr'>carpserim,</span> <span class='ocrx_word' id='word_1_256' title='bbox 871 1932 961 1983; x_wconf 85' lang='lat' dir='ltr'>quia</span> <span class='ocrx_word' id='word_1_257' title='bbox 988 1945 1068 1972; x_wconf 91' lang='lat' dir='ltr'>non</span> <span class='ocrx_word' id='word_1_258' title='bbox 1106 1937 1149 1972; x_wconf 91' lang='lat' dir='ltr'>ut</span> <span class='ocrx_word' id='word_1_259' title='bbox 1176 1932 1261 1972; x_wconf 91' lang='lat' dir='ltr'>uisa</span> <span class='ocrx_word' id='word_1_260' title='bbox 1297 1933 1365 1972; x_wconf 90' lang='lat' dir='ltr'>sed</span> <span class='ocrx_word' id='word_1_261' title='bbox 1392 1937 1434 1972; x_wconf 92' lang='lat' dir='ltr'>ut</span> <span class='ocrx_word' id='word_1_262' title='bbox 1466 1931 1596 1972; x_wconf 84' lang='lat' dir='ltr'>audita</span> 
     </span>
     <span class='ocr_line' id='line_1_31' title="bbox 177 1984 1669 2043; baseline -0.002 -10"><span class='ocrx_word' id='word_1_263' title='bbox 177 1993 227 2033; x_wconf 90' lang='lat' dir='ltr'>ad</span> <span class='ocrx_word' id='word_1_264' title='bbox 254 1992 544 2032; x_wconf 74' lang='lat' dir='ltr'>delectationem</span> <span class='ocrx_word' id='word_1_265' title='bbox 572 1997 610 2032; x_wconf 93' lang='lat' dir='ltr'>et</span> <span class='ocrx_word' id='word_1_266' title='bbox 627 1991 829 2032; x_wconf 84' lang='lat' dir='ltr'>utilitatem</span> <span class='ocrx_word' id='word_1_267' title='bbox 855 1991 1078 2043; x_wconf 85' lang='lat' dir='ltr'>legentium,</span> <span class='ocrx_word' id='word_1_268' title='bbox 1107 1992 1139 2031; x_wconf 89' lang='lat' dir='ltr'>si</span> <span class='ocrx_word' id='word_1_269' title='bbox 1158 2004 1236 2042; x_wconf 90' lang='lat' dir='ltr'>qua</span> <span class='ocrx_word' id='word_1_270' title='bbox 1261 1991 1359 2031; x_wconf 79' lang='lat' dir='ltr'>forte</span> <span class='ocrx_word' id='word_1_271' title='bbox 1385 1991 1437 2030; x_wconf 86' lang='lat' dir='ltr'>ibi</span> <span class='ocrx_word' id='word_1_272' title='bbox 1456 1991 1545 2038; x_wconf 89' lang='lat' dir='ltr'>sint,</span> <span class='ocrx_word' id='word_1_273' title='bbox 1573 2003 1597 2030; x_wconf 88' lang='lat' dir='ltr'>a</span> <span class='ocrx_word' id='word_1_274' title='bbox 1614 1984 1669 2023; x_wconf 87' lang='lat'>30</span> 
     </span>
     <span class='ocr_line' id='line_1_32' title="bbox 178 2049 1597 2103; baseline -0.002 -11"><span class='ocrx_word' id='word_1_275' title='bbox 178 2065 243 2092; x_wconf 91' lang='lat' dir='ltr'>me</span> <span class='ocrx_word' id='word_1_276' title='bbox 277 2052 418 2103; x_wconf 87' lang='lat' dir='ltr'>scripta</span> <span class='ocrx_word' id='word_1_277' title='bbox 450 2056 559 2100; x_wconf 88' lang='lat' dir='ltr'>sunt;</span> <span class='ocrx_word' id='word_1_278' title='bbox 597 2063 834 2102; x_wconf 87' lang='lat' dir='ltr'>quamquam</span> <span class='ocrx_word' id='word_1_279' title='bbox 862 2050 979 2090; x_wconf 85' lang='lat' dir='ltr'>etiam</span> <span class='ocrx_word' id='word_1_280' title='bbox 1021 2050 1092 2090; x_wconf 91' lang='lat' dir='ltr'>etsi</span> <span class='ocrx_word' id='word_1_281' title='bbox 1128 2051 1230 2090; x_wconf 82' lang='lat' dir='ltr'>facta</span> <span class='ocrx_word' id='word_1_282' title='bbox 1270 2063 1350 2090; x_wconf 89' lang='lat' dir='ltr'>non</span> <span class='ocrx_word' id='word_1_283' title='bbox 1387 2050 1476 2097; x_wconf 90' lang='lat' dir='ltr'>sint,</span> <span class='ocrx_word' id='word_1_284' title='bbox 1516 2049 1597 2089; x_wconf 86' lang='lat' dir='ltr'>fieri</span> 
     </span>
     <span class='ocr_line' id='line_1_33' title="bbox 179 2109 1596 2163; baseline -0.002 -12"><span class='ocrx_word' id='word_1_285' title='bbox 179 2117 310 2151; x_wconf 88' lang='lat' dir='ltr'>tamen</span> <span class='ocrx_word' id='word_1_286' title='bbox 351 2111 522 2163; x_wconf 66' lang='lat' dir='ltr'>potuisse</span> <span class='ocrx_word' id='word_1_287' title='bbox 564 2111 813 2150; x_wconf 89' lang='lat' dir='ltr'>credendum.</span> <span class='ocrx_word' id='word_1_288' title='bbox 887 2109 1070 2150; x_wconf 91' lang='lat' dir='ltr'>Ceterum</span> <span class='ocrx_word' id='word_1_289' title='bbox 1110 2114 1240 2149; x_wconf 85' lang='lat' dir='ltr'>autem</span> <span class='ocrx_word' id='word_1_290' title='bbox 1285 2114 1442 2160; x_wconf 82' lang='lat' dir='ltr'>cogetur</span> <span class='ocrx_word' id='word_1_291' title='bbox 1482 2121 1596 2148; x_wconf 89' lang='lat' dir='ltr'>nemo</span> 
     </span>
     <span class='ocr_line' id='line_1_34' title="bbox 180 2168 1596 2220; baseline -0.002 -10"><span class='ocrx_word' id='word_1_292' title='bbox 180 2183 325 2210; x_wconf 87' lang='lat' dir='ltr'>munus</span> <span class='ocrx_word' id='word_1_293' title='bbox 351 2170 497 2210; x_wconf 87' lang='lat' dir='ltr'>hahere</span> <span class='ocrx_word' id='word_1_294' title='bbox 523 2182 669 2219; x_wconf 87' lang='lat' dir='ltr'>meum,</span> <span class='ocrx_word' id='word_1_295' title='bbox 704 2168 902 2216; x_wconf 90' lang='lat' dir='ltr'>neminem</span> <span class='ocrx_word' id='word_1_296' title='bbox 935 2169 1008 2209; x_wconf 93' lang='lat' dir='ltr'>hec</span> <span class='ocrx_word' id='word_1_297' title='bbox 1035 2169 1161 2220; x_wconf 79' lang='lat' dir='ltr'>legere</span> <span class='ocrx_word' id='word_1_298' title='bbox 1197 2169 1397 2220; x_wconf 80' lang='lat' dir='ltr'>compello.</span> <span class='ocrx_word' id='word_1_299' title='bbox 1453 2168 1596 2207; x_wconf 88' lang='lat' dir='ltr'>Verum</span> 
     </span>
    </p>
   </div>
   <div class='ocr_carea' id='block_1_3' title="bbox 184 2274 467 2279">
    <p class='ocr_par' dir='ltr' id='par_1_3' title="bbox 184 2274 467 2279">
     <span class='ocr_line' id='line_1_35' title="bbox 184 2274 467 2279; baseline 0 0"><span class='ocrx_word' id='word_1_300' title='bbox 184 2274 467 2279; x_wconf 95' lang='lat' dir='ltr'> </span> 
     </span>
    </p>
   </div>
   <div class='ocr_carea' id='block_1_4' title="bbox 179 2326 1599 2695">
    <p class='ocr_par' dir='ltr' id='par_1_4' title="bbox 179 2326 1599 2695">
     <span class='ocr_line' id='line_1_36' title="bbox 299 2326 1599 2376; baseline -0.004 -11"><span class='ocrx_word' id='word_1_301' title='bbox 299 2331 323 2365; x_wconf 79' lang='lat'>9</span> <span class='ocrx_word' id='word_1_302' title='bbox 346 2330 403 2366; x_wconf 89' lang='lat' dir='ltr'>Sic</span> <span class='ocrx_word' id='word_1_303' title='bbox 420 2340 506 2375; x_wconf 71' lang='lat' dir='ltr'>ergo</span> <span class='ocrx_word' id='word_1_304' title='bbox 524 2330 596 2367; x_wconf 89' lang='grc' dir='ltr'>ΟΡ.</span> <span class='ocrx_word' id='word_1_305' title='bbox 623 2349 666 2356; x_wconf 89' lang='lat'>-</span> <span class='ocrx_word' id='word_1_306' title='bbox 694 2331 735 2366; x_wconf 89' lang='lat'>11</span> <span class='ocrx_word' id='word_1_307' title='bbox 757 2329 1012 2376; x_wconf 75' lang='lat' dir='ltr'>plangencium</span> <span class='ocrx_word' id='word_1_308' title='bbox 1031 2328 1160 2373; x_wconf 78' lang='lat' dir='ltr'>OPpV</span> <span class='ocrx_word' id='word_1_309' title='bbox 1174 2347 1217 2353; x_wconf 92' lang='lat'><strong>—</strong></span> <span class='ocrx_word' id='word_1_310' title='bbox 1235 2338 1269 2372; x_wconf 76' lang='lat' dir='ltr'>g.</span> <span class='ocrx_word' id='word_1_311' title='bbox 1286 2338 1315 2362; x_wconf 85' lang='lat' dir='ltr'>s.</span> <span class='ocrx_word' id='word_1_312' title='bbox 1332 2330 1479 2373; x_wconf 87' lang='lat' dir='ltr'>propter</span> <span class='ocrx_word' id='word_1_313' title='bbox 1494 2326 1599 2361; x_wconf 85' lang='lat' dir='ltr'>mira-</span> 
     </span>
     <span class='ocr_line' id='line_1_37' title="bbox 179 2379 1596 2429; baseline -0.004 -10"><span class='ocrx_word' id='word_1_314' title='bbox 179 2384 301 2420; x_wconf 85' lang='lat' dir='ltr'>culum</span> <span class='ocrx_word' id='word_1_315' title='bbox 326 2384 465 2419; x_wconf 79' lang='lat' dir='ltr'>factum</span> <span class='ocrx_word' id='word_1_316' title='bbox 492 2385 545 2429; x_wconf 65' lang='lat' dir='ltr'>sp</span> <span class='ocrx_word' id='word_1_317' title='bbox 571 2403 614 2409; x_wconf 88' lang='lat'>—-</span> <span class='ocrx_word' id='word_1_318' title='bbox 644 2385 688 2419; x_wconf 88' lang='grc'>13</span> <span class='ocrx_word' id='word_1_319' title='bbox 712 2383 910 2429; x_wconf 72' lang='lat' dir='ltr'>patriacum</span> <span class='ocrx_word' id='word_1_320' title='bbox 930 2383 970 2427; x_wconf 89' lang='lat'>0,</span> <span class='ocrx_word' id='word_1_321' title='bbox 995 2382 1108 2427; x_wconf 84' lang='lat' dir='ltr'>patris</span> <span class='ocrx_word' id='word_1_322' title='bbox 1139 2382 1230 2415; x_wconf 79' lang='lat' dir='ltr'>V—</span> <span class='ocrx_word' id='word_1_323' title='bbox 1248 2380 1318 2416; x_wconf 90' lang='lat' dir='ltr'>sibi</span> <span class='ocrx_word' id='word_1_324' title='bbox 1334 2379 1465 2425; x_wconf 73' lang='lat' dir='ltr'>iugiter</span> <span class='ocrx_word' id='word_1_325' title='bbox 1480 2380 1536 2424; x_wconf 74' lang='lat' dir='ltr'>Pp</span> <span class='ocrx_word' id='word_1_326' title='bbox 1551 2398 1596 2405; x_wconf 96' lang='lat'><strong>—</strong></span> 
     </span>
     <span class='ocr_line' id='line_1_38' title="bbox 181 2431 1596 2483; baseline -0.004 -10"><span class='ocrx_word' id='word_1_327' title='bbox 181 2437 332 2483; x_wconf 79' lang='lat' dir='ltr'>recipuit</span> <span class='ocrx_word' id='word_1_328' title='bbox 359 2438 399 2472; x_wconf 90' lang='grc'>0.</span> <span class='ocrx_word' id='word_1_329' title='bbox 430 2456 475 2463; x_wconf 92' lang='grc'>-</span> <span class='ocrx_word' id='word_1_330' title='bbox 512 2438 557 2472; x_wconf 84' lang='grc'>15</span> <span class='ocrx_word' id='word_1_331' title='bbox 579 2437 725 2482; x_wconf 87' lang='lat' dir='ltr'>reliquit</span> <span class='ocrx_word' id='word_1_332' title='bbox 753 2436 888 2482; x_wconf 75' lang='lat' dir='ltr'>oPpV.</span> <span class='ocrx_word' id='word_1_333' title='bbox 922 2453 967 2460; x_wconf 92' lang='lat'>—</span> <span class='ocrx_word' id='word_1_334' title='bbox 1003 2436 1046 2470; x_wconf 83' lang='lat'>19</span> <span class='ocrx_word' id='word_1_335' title='bbox 1080 2433 1207 2470; x_wconf 82' lang='lat' dir='ltr'>incerti</span> <span class='ocrx_word' id='word_1_336' title='bbox 1239 2444 1365 2469; x_wconf 88' lang='lat' dir='ltr'>sumus</span> <span class='ocrx_word' id='word_1_337' title='bbox 1391 2431 1527 2478; x_wconf 72' lang='lat' dir='ltr'><strong><em>OPpV.</em></strong></span> <span class='ocrx_word' id='word_1_338' title='bbox 1552 2450 1596 2456; x_wconf 95' lang='lat'>—</span> 
     </span>
     <span class='ocr_line' id='line_1_39' title="bbox 180 2487 1598 2535; baseline -0.005 -9"><span class='ocrx_word' id='word_1_339' title='bbox 180 2490 229 2525; x_wconf 79' lang='lat'>20</span> <span class='ocrx_word' id='word_1_340' title='bbox 251 2491 347 2526; x_wconf 92' lang='lat' dir='ltr'>ultra</span> <span class='ocrx_word' id='word_1_341' title='bbox 371 2491 415 2526; x_wconf 89' lang='lat' dir='ltr'>L.</span> <span class='ocrx_word' id='word_1_342' title='bbox 441 2491 810 2535; x_wconf 72' lang='lat' dir='ltr'>—21sanctafehee</span> <span class='ocrx_word' id='word_1_343' title='bbox 837 2491 880 2525; x_wconf 89' lang='lat' dir='ltr'>L.</span> <span class='ocrx_word' id='word_1_344' title='bbox 917 2508 959 2515; x_wconf 92' lang='lat'><strong>—</strong></span> <span class='ocrx_word' id='word_1_345' title='bbox 994 2490 1041 2524; x_wconf 75' lang='lat'>23</span> <span class='ocrx_word' id='word_1_346' title='bbox 1065 2488 1212 2523; x_wconf 78' lang='lat' dir='ltr'>uocauit</span> <span class='ocrx_word' id='word_1_347' title='bbox 1234 2487 1324 2531; x_wconf 68' lang='lat' dir='ltr'>fehlt</span> <span class='ocrx_word' id='word_1_348' title='bbox 1348 2487 1382 2522; x_wconf 89' lang='lat' dir='ltr'><strong><em>L</em></strong></span> <span class='ocrx_word' id='word_1_349' title='bbox 1405 2504 1449 2511; x_wconf 88' lang='lat'>-</span> <span class='ocrx_word' id='word_1_350' title='bbox 1474 2487 1598 2520; x_wconf 86' lang='lat' dir='ltr'>sancte</span> 
     </span>
     <span class='ocr_line' id='line_1_40' title="bbox 180 2537 1598 2589; baseline -0.005 -10"><span class='ocrx_word' id='word_1_351' title='bbox 180 2544 272 2587; x_wconf 65' lang='lat' dir='ltr'>fehlt</span> <span class='ocrx_word' id='word_1_352' title='bbox 295 2545 339 2580; x_wconf 88' lang='lat' dir='ltr'>L.</span> <span class='ocrx_word' id='word_1_353' title='bbox 364 2564 411 2571; x_wconf 91' lang='lat'>—</span> <span class='ocrx_word' id='word_1_354' title='bbox 435 2545 481 2579; x_wconf 75' lang='lat'>25</span> <span class='ocrx_word' id='word_1_355' title='bbox 506 2544 726 2589; x_wconf 84' lang='lat' dir='ltr'>quietudinis</span> <span class='ocrx_word' id='word_1_356' title='bbox 765 2544 864 2589; x_wconf 80' lang='lat' dir='ltr'>OPp,</span> <span class='ocrx_word' id='word_1_357' title='bbox 899 2542 1058 2588; x_wconf 76' lang='lat' dir='ltr'>quietam</span> <span class='ocrx_word' id='word_1_358' title='bbox 1090 2541 1131 2577; x_wconf 77' lang='lat' dir='ltr'>V.</span> <span class='ocrx_word' id='word_1_359' title='bbox 1166 2559 1210 2566; x_wconf 92' lang='lat'>—</span> <span class='ocrx_word' id='word_1_360' title='bbox 1244 2540 1289 2575; x_wconf 77' lang='lat'>27</span> <span class='ocrx_word' id='word_1_361' title='bbox 1314 2539 1374 2575; x_wconf 91' lang='lat' dir='ltr'>uel</span> <span class='ocrx_word' id='word_1_362' title='bbox 1399 2539 1484 2584; x_wconf 84' lang='lat' dir='ltr'>imp.</span> <span class='ocrx_word' id='word_1_363' title='bbox 1508 2537 1598 2582; x_wconf 68' lang='lat' dir='ltr'>fehlt</span> 
     </span>
     <span class='ocr_line' id='line_1_41' title="bbox 182 2590 1596 2643; baseline -0.005 -10"><span class='ocrx_word' id='word_1_364' title='bbox 182 2596 278 2642; x_wconf 75' lang='lat' dir='ltr'>oPp</span> <span class='ocrx_word' id='word_1_365' title='bbox 286 2598 329 2633; x_wconf 84' lang='lat' dir='ltr'>V.</span> <span class='ocrx_word' id='word_1_366' title='bbox 347 2617 391 2623; x_wconf 90' lang='lat'>-</span> <span class='ocrx_word' id='word_1_367' title='bbox 409 2598 455 2632; x_wconf 79' lang='lat'>29</span> <span class='ocrx_word' id='word_1_368' title='bbox 471 2597 675 2643; x_wconf 80' lang='lat' dir='ltr'>scripserim</span> <span class='ocrx_word' id='word_1_369' title='bbox 695 2597 827 2642; x_wconf 80' lang='lat' dir='ltr'>OPpV</span> <span class='ocrx_word' id='word_1_370' title='bbox 845 2616 890 2623; x_wconf 94' lang='lat'>—</span> <span class='ocrx_word' id='word_1_371' title='bbox 908 2595 956 2631; x_wconf 81' lang='lat'>30</span> <span class='ocrx_word' id='word_1_372' title='bbox 970 2595 1017 2631; x_wconf 87' lang='lat' dir='ltr'>ad</span> <span class='ocrx_word' id='word_1_373' title='bbox 1032 2593 1103 2630; x_wconf 87' lang='lat' dir='ltr'>del.</span> <span class='ocrx_word' id='word_1_374' title='bbox 1120 2593 1350 2630; x_wconf 81' lang='lat' dir='ltr'>audiencium</span> <span class='ocrx_word' id='word_1_375' title='bbox 1369 2591 1400 2629; x_wconf 92' lang='grc' dir='ltr'><em>Ο</em></span> <span class='ocrx_word' id='word_1_376' title='bbox 1411 2593 1454 2629; x_wconf 84' lang='lat' dir='ltr'>V.</span> <span class='ocrx_word' id='word_1_377' title='bbox 1471 2610 1517 2616; x_wconf 90' lang='lat'>—-</span> <span class='ocrx_word' id='word_1_378' title='bbox 1533 2590 1596 2634; x_wconf 81' lang='lat' dir='ltr'>ibi]</span> 
     </span>
     <span class='ocr_line' id='line_1_42' title="bbox 182 2649 391 2695; baseline 0.005 -10"><span class='ocrx_word' id='word_1_379' title='bbox 182 2649 249 2685; x_wconf 85' lang='lat' dir='ltr'>tihi</span> <span class='ocrx_word' id='word_1_380' title='bbox 273 2650 391 2695; x_wconf 62' lang='lat' dir='ltr'>Ppff.</span> 
     </span>
    </p>
   </div>
  </div>
 </body>
</html>
