1800 2930
844 128 1117 167 „88-

276 241 433 291 audiuit,
462 242 546 293 quis
563 242 653 282 huic
680 242 802 282 simile
829 243 1009 294 cognouit
1028 256 1099 283 nec
1117 243 1315 294 cogitauit!
1352 244 1442 295 Legi
1472 244 1690 284 Deianiram

276 302 482 342 Herculem
496 315 649 342 ueneno
662 302 883 354 peremisse,
901 303 975 354 legi
987 302 1267 343 Clitemestram
1284 303 1477 354 iugulasse
1500 303 1690 355 Agamen-

276 374 433 410 nonem,
462 362 530 402 sed
556 362 629 401 hec
647 361 779 402 omnia
804 362 895 401 huic
913 368 1134 414 comparata
1162 375 1246 403 esse
1264 362 1425 402 minima
1443 363 1691 403 uidebuntur.

275 421 373 460 Ecce
400 420 466 460 uix
495 422 652 460 tandem
680 420 821 461 credidi
850 423 952 473 quod
980 422 1175 461 audieram
1205 421 1405 462 mulierem
1442 422 1584 462 scilicet
1611 436 1691 462 una

224 478 249 515 5
277 484 357 520 arte
385 480 524 520 uicisse
551 480 747 520 diabolum
774 493 847 520 nec
874 493 958 521 esse
986 480 1179 520 maliciam
1205 494 1279 531 que
1307 494 1376 520 sue
1404 481 1529 521 ualeat
1558 494 1690 532 prena-

275 540 365 579 lere.
421 539 516 588 Quis
544 539 657 579 enim'
676 539 791 579 etiam
819 540 1051 591 sapientium
1079 540 1161 580 eius
1189 541 1364 580 animum
1392 540 1691 588 circumscribat,

277 598 362 649 quis
390 598 515 638 cordis
543 599 624 638 eius
652 599 825 639 abissum
853 600 1014 639 scrutari
1042 600 1217 648 sufficiat,
1246 600 1331 651 quis
1367 599 1529 639 inuitam
1566 601 1692 640 ualeat

276 657 492 698 custodire?
545 659 634 698 Non
662 658 763 698 hanc
790 658 907 699 turris
935 672 1031 699 enea
1058 672 1213 699 seruare
1241 660 1391 710 poterit,
1420 673 1500 699 non
1529 661 1693 699 cathene

276 718 397 758 ferree
424 718 506 757 eius
525 718 706 769 frangunt
725 723 897 764 conatus,
928 731 1007 758 non
1035 732 1132 767 sere,
1162 732 1241 758 non
1271 725 1378 770 porte
1407 719 1488 758 eius
1508 719 1692 759 euincunt

210 778 259 816 10
277 777 446 817 consilia.
484 777 558 817 Per
575 778 679 817 hanc
698 783 994 817 commouentur
1007 791 1130 829 reges,
1146 778 1322 818 oriuntur
1340 779 1451 827 bella,
1466 783 1695 818 euertuntur

277 836 406 885 urbes,
434 841 636 876 uastantur
663 836 839 887 regiones
867 838 1154 888 multorumque
1173 837 1360 877 nobilium
1388 838 1544 889 sanguis
1573 839 1691 877 effun-

277 895 391 943 ditur,
419 908 487 946 per
514 896 714 936 mulierem
743 895 978 936 suscitantur
1004 896 1072 945 ire,
1109 895 1202 945 rixe,
1232 897 1386 944 inuidie,
1424 897 1692 945 detractioneS,

278 955 542 1003 emulationes,
571 954 830 995 dissensiones
857 969 902 995 ac
930 956 1155 996 simultates.
1210 956 1311 1005 Quid
1339 957 1474 1007 plura?
1510 957 1585 996 Per
1609 970 1691 996 mu-

210 1072 259 1112 15
275 1013 410 1054 lierem
452 1014 617 1066 denique
661 1019 764 1054 totus
805 1015 975 1066 perditus
1017 1021 1075 1055 est
1111 1016 1294 1056 mundus.
1350 1016 1504 1056 Grande
1545 1017 1692 1056 malum

278 1073 427 1113 mulier.

623 1180 857 1236 [Historia
887 1180 1105 1237 Virgilii:
1137 1181 1350 1238 Puteus.]

279 1251 369 1340 En
396 1251 568 1301 memini,
596 1266 645 1293 en
673 1252 801 1293 subito
828 1253 869 1293 in
896 1259 1068 1294 mentem
1097 1254 1194 1293 redit
1231 1254 1334 1304 quod
1361 1253 1443 1305 ipse
1471 1254 1561 1301 uidi,
1601 1267 1693 1304 quo·

368 1313 483 1352 modo
511 1326 534 1352 a
560 1312 719 1353 muliere
747 1312 903 1364 quidam
922 1314 1105 1365 deceptus
1133 1313 1181 1353 sit
1208 1313 1473 1365 philosophus.
1511 1313 1694 1361 Quicum

278 1371 425 1412 nubere
452 1372 588 1412 uolens
606 1387 630 1413 a
656 1385 719 1412 me
738 1385 853 1424 super
879 1373 955 1412 hoc
982 1372 1183 1412 consilium
1203 1377 1378 1423 quereret
1396 1385 1543 1423 egoque
1571 1372 1694 1412 omni-

277 1431 401 1471 modis
429 1431 467 1471 id
498 1432 621 1472 facere
653 1431 917 1472 dissuaderem
945 1445 1122 1473 asserens
1156 1432 1317 1484 sapienti
1336 1438 1379 1472 ut
1397 1445 1559 1472 uxorem
1579 1433 1694 1472 ducat

207 1493 259 1532 20
277 1490 437 1530 omnino
464 1504 545 1531 non
573 1491 763 1543 expedire,
791 1491 881 1542 quia
909 1505 977 1543 per
1003 1492 1106 1532 hanc
1133 1491 1301 1531 maxime
1334 1490 1541 1543 impeditur
1574 1491 1692 1543 philo·

277 1549 414 1600 sophia
439 1563 512 1590 nec
545 1564 569 1590 a
596 1564 791 1601 quoquam
830 1551 975 1591 seruari
1013 1556 1138 1602 potest
1175 1551 1215 1591 in
1249 1551 1340 1599 uita,
1376 1557 1502 1591 cetera
1538 1563 1694 1602 quoque

277 1621 352 1659 que
378 1608 419 1648 in
446 1609 544 1650 libro
572 1611 727 1650 aureolo
755 1610 862 1662 ponit
885 1610 1176 1662 Theophrastus
1204 1610 1375 1650 mulieris
1403 1610 1692 1661 impedimenta,

277 1669 474 1720 respondit
486 1669 547 1709 ille
560 1682 602 1709 se
616 1675 738 1710 artem
751 1670 987 1721 excogitasse
999 1683 1076 1721 qua
1089 1669 1171 1710 eius
1186 1683 1322 1709 omnes
1338 1669 1494 1709 insidias
1508 1670 1690 1709 eluderet.

276 1727 415 1779 Nupsit
442 1741 533 1780 ergo
560 1734 687 1780 preter
716 1730 955 1770 uoluntatem
982 1743 1110 1769 meam
1130 1729 1405 1780 fabricauitque
1432 1729 1570 1768 turrim
1598 1729 1692 1780 lapi-

207 1790 258 1830 25
276 1787 401 1835 deam,
440 1800 517 1827 uno
554 1793 705 1828 tantum
746 1788 882 1829 ostiolo
920 1802 965 1829 ac
1001 1790 1209 1829 fenestrula
1246 1794 1480 1829 contentam.
1536 1789 1580 1828 In
1618 1789 1693 1828 hac

276 1859 437 1886 uxorem
465 1847 630 1894 inclusit,
670 1848 819 1888 nullum
849 1848 1008 1889 omnino
1035 1849 1162 1888 uirum
1199 1854 1266 1888 aut
1294 1847 1495 1888 mulierem
1530 1849 1576 1887 ad
1605 1861 1692 1888 eam

276 1906 456 1946 accedere
493 1907 729 1959 permittens.
786 1908 946 1948 Clauem
982 1913 1111 1948 autem
1149 1908 1234 1948 ostii
1272 1921 1404 1948 secum
1442 1908 1617 1959 portabat
1654 1914 1691 1948 et

277 1965 359 2005 siue
386 1965 490 2006 intus
518 1971 626 2006 stans
655 1980 723 2007 seu
752 1967 854 2008 foras
892 1968 1024 2007 exiens
1058 1981 1212 2019 semper
1249 1967 1391 2007 ostium
1425 1968 1619 2007 reserabat
1648 1981 1694 2007 ac

277 2025 485 2065 dormitum
525 2025 611 2066 iens
646 2027 795 2066 clauem
833 2027 946 2079 capiti
989 2028 1243 2079 supponebat.
1300 2027 1399 2067 Cum
1427 2039 1517 2078 ergo
1560 2027 1693 2078 paucis

206 2087 260 2126 30
277 2084 410 2125 diebus
438 2084 542 2125 illam
569 2091 676 2126 tanto
710 2087 790 2126 zelo
818 2092 1000 2138 tantaque
1035 2086 1230 2138 diligentia
1257 2086 1476 2134 custodiret,
1513 2086 1575 2126 illa
1612 2086 1693 2126 sola

276 2142 317 2183 in
355 2144 450 2184 turri
489 2158 557 2196 per
596 2145 805 2186 fenestram
846 2147 943 2186 forte
980 2146 1218 2198 prospiciens
1254 2146 1435 2185 iuuenem
1473 2151 1562 2185 ante
1590 2145 1693 2185 fores

397 2252 412 2286 1
441 2262 543 2295 cogn.
570 2262 637 2287 nec
660 2253 750 2295 fehlt
775 2253 807 2287 L
831 2273 876 2279 —
902 2252 1047 2288 dianam
1076 2253 1140 2298 Op,
1167 2253 1322 2297 dyanam
1340 2253 1419 2288 PV.
1447 2273 1491 2278 —
1517 2252 1539 2286 2
1557 2251 1691 2296 perisse

279 2305 343 2349 Op.
362 2324 405 2329 —
425 2305 483 2348 718
507 2304 587 2349 quis
611 2305 729 2341 cordis
746 2332 754 2340 .
775 2333 782 2341 .
802 2333 809 2340 .
836 2309 925 2341 cust.
951 2307 1039 2350 fehlt
1067 2305 1207 2351 OPpV.
1226 2326 1271 2332 -—
1289 2306 1333 2341 10
1350 2307 1522 2340 corruunt
1547 2315 1574 2340 r.
1596 2305 1693 2349 OPp,

275 2360 387 2393 ruunt
410 2368 439 2393 r.
471 2359 505 2393 V
529 2376 571 2384 —
597 2361 791 2394 mouentur
816 2359 851 2394 b.
879 2358 1017 2404 OPpV.
1045 2379 1090 2386 —
1127 2359 1171 2394 13
1202 2358 1285 2394 diss.
1311 2359 1401 2403 fehlt
1430 2358 1554 2402 OPpV
1581 2377 1621 2384 -
1649 2357 1692 2392 si—

276 2411 497 2447 mulaciones
525 2412 657 2457 OPpV.
692 2431 737 2438 --
774 2412 819 2447 14
843 2412 1005 2457 perditur
1028 2423 1076 2448 m.
1104 2413 1159 2458 Pp
1184 2433 1228 2439 —
1260 2411 1318 2447 Gr.
1338 2423 1385 2447 m.
1403 2423 1452 2448 m.
1478 2422 1552 2447 nur
1576 2412 1619 2446 L.
1647 2431 1691 2437 —

280 2465 323 2500 18
347 2464 497 2500 omnino
522 2466 600 2510 Pp„
619 2465 827 2501 omnimode
860 2467 901 2501 V.
918 2485 959 2491 —-
985 2467 1029 2501 19
1054 2476 1100 2501 ne
1124 2476 1183 2501 ux.
1210 2466 1275 2510 Pp.
1301 2485 1347 2492 --
1382 2465 1423 2500 21
1454 2467 1526 2509 pot.
1557 2464 1693 2499 inuicta

285 2519 328 2554 V.
362 2538 406 2545 —-
441 2517 487 2552 22
511 2518 730 2554 theofrastus
754 2520 819 2564 Pp,
854 2519 1075 2565 theoplastus
1106 2520 1147 2561 V,
1182 2518 1422 2564 theroplastus
1450 2517 1490 2554 Ο.
1517 2537 1561 2542 -
1587 2518 1633 2552 ⁹23
1658 2529 1691 2552 a.
1766 2523 1769 2524 ’

277 2571 581 2616 cognouisseP—
591 2571 737 2617 delud.p
754 2573 796 2608 V.
815 2593 860 2599 —
877 2573 924 2608 25
937 2573 1095 2608 fenestra
1110 2571 1236 2617 OPpV
1249 2593 1293 2598 —
1308 2571 1354 2607 26
1366 2570 1539 2606 conclusit
1554 2571 1637 2615 OPp
1647 2572 1688 2605 V.

277 2643 321 2650 —
346 2635 389 2660 ac
414 2624 500 2660 mul.
530 2626 613 2670 OPp
622 2626 661 2660 V.
691 2644 732 2651 -
759 2626 804 2661 28
829 2626 907 2661 siue
931 2626 1018 2661 foris
1043 2625 1210 2669 (exterius
1242 2626 1287 2669 V)
1310 2624 1467 2661 existens
1485 2625 1570 2669 OPp
1579 2625 1618 2659 Γ.
