1806 3022
798 184 1045 224 -9-

222 298 464 338 insolentiam
484 298 664 339 uniuersa
675 299 793 350 patria
804 299 1003 350 deperiret,
1023 299 1212 350 simulque
1225 300 1339 340 nobis
1355 305 1391 340 et
1410 299 1464 340 rei
1479 300 1628 351 publice

222 358 467 398 consulentes
486 358 745 398 necessarium
765 358 945 398 duximus
972 357 1058 398 licet
1077 359 1149 398 sub
1169 358 1336 411 periculo
1355 359 1486 411 capitis
1506 359 1627 399 nostri

222 417 270 455 ad
298 429 368 456 uos
396 416 542 457 deferre
570 417 777 467 querelam.
817 417 996 457 Ceterum
1026 423 1154 457 uestra
1182 419 1340 458 interest
1360 419 1476 458 tantis
1504 418 1627 458 crimi-

223 476 337 515 nibus
365 476 598 527 responderi.
637 476 697 515 Tu
717 489 819 527 ergo,
841 489 864 515 o
884 476 1014 525 Cesar,
1035 490 1197 528 propera
1216 490 1287 517 nec
1312 483 1462 517 tantum
1482 478 1627 517 malum

223 540 406 574 uenturas
433 534 540 574 differ
568 535 607 574 in
626 535 758 584 horas,
787 548 843 575 ne
856 536 982 575 dilatio
1011 536 1078 575 tibi
1106 541 1142 575 et
1163 536 1218 575 rei
1246 536 1396 587 publice
1414 537 1627 587 dampnum
1673 539 1699 577 5

224 594 373 634 inserat.

275 669 526 722 ‘Opprime,
547 671 654 710 dum
674 684 799 711 noua
817 677 943 719 sunt,
965 672 1113 711 subiti
1132 671 1250 712 mala
1269 672 1446 712 semina
1465 673 1627 712 morbi.

273 729 539 782 Principiis
582 731 735 779 obsta,
774 744 883 771 sero
919 731 1158 771 medicina
1195 736 1408 782 paratur,

273 789 387 829 Cum
424 789 548 829 mala
576 802 659 841 per
687 790 859 842 longas
894 790 1191 831 conualuere
1228 791 1410 830 moras?

221 865 338 906 Cesar
366 878 459 905 uero
479 879 715 917 quamquam
734 867 885 907 subtilis
904 872 1005 908 esset
1031 867 1173 919 ingenii
1192 880 1263 907 nec
1283 873 1430 907 certum
1457 868 1628 915 haberet,
1652 872 1702 910 10

222 930 351 964 utrum
380 938 426 965 ex
455 926 544 965 odio
571 925 793 977 inuidiaque
833 940 883 966 an
924 940 972 966 ex
1012 927 1172 967 ueritate
1207 927 1329 966 uerba
1364 927 1627 978 procederent,

221 984 359 1023 blande
379 989 508 1024 tamen
537 997 584 1024 ex
603 985 763 1025 consilio
783 991 1007 1026 senatorum
1026 999 1092 1026 eos
1120 986 1307 1026 allocutus
1334 985 1439 1025 iubet
1467 986 1504 1024 in
1535 986 1630 1025 urbe

220 1056 376 1083 manere
416 1049 454 1083 et
481 1057 503 1083 a
531 1057 573 1084 se
601 1044 687 1084 fidei
715 1058 784 1085 sue
812 1046 1023 1097 condignos
1059 1058 1213 1096 sperare
1239 1046 1420 1085 honores.
1455 1044 1530 1093 Qui
1558 1045 1629 1084 rati

219 1115 288 1142 sue
316 1103 628 1143 machinamenta
668 1104 837 1155 nequitie
877 1105 926 1145 ad
968 1105 1145 1145 effectum
1185 1117 1366 1156 prospere
1407 1103 1629 1155 perduxisse

219 1161 343 1201 securi
377 1174 466 1201 cum
495 1175 636 1214 magno
664 1163 851 1204 desiderio
879 1164 1071 1216 promissa
1097 1163 1248 1204 Cesaris
1277 1164 1547 1215 prestolantur.
1651 1167 1700 1205 15

220 1218 400 1306 Interim
428 1220 545 1261 Cesar
573 1222 723 1274 plenius
750 1223 885 1263 uolens
914 1236 1144 1274 cognoscere
1162 1223 1362 1262 ueritatem
1391 1222 1520 1262 missis
1547 1222 1630 1262 sine

287 1280 516 1321 salutatione
552 1281 686 1322 litteris
727 1295 857 1334 regem
894 1283 999 1323 iubet
1032 1283 1165 1322 uenire
1205 1283 1253 1321 ad
1290 1281 1447 1327 curiam,
1486 1281 1558 1320 sibi
1593 1286 1630 1320 et

219 1339 371 1379 senatui
408 1353 523 1392 super
561 1341 792 1391 quibusdam
830 1342 1162 1382 criminationibus
1199 1353 1489 1392 responsurum.
1545 1340 1630 1380 Rex

219 1403 345 1438 autem
384 1399 618 1451 Dolopathos
657 1400 764 1441 lectis
792 1401 1052 1453 imperialibus
1080 1401 1249 1452 epistolis
1277 1405 1464 1439 conuocat
1493 1412 1630 1439 omnes

219 1458 390 1497 seniores
423 1463 460 1498 et
488 1459 680 1510 principes
714 1460 822 1512 regni
851 1461 923 1509 sui,
962 1460 1086 1512 querit
1118 1459 1322 1500 consilium
1362 1464 1490 1498 utrum
1526 1458 1631 1498 iussa
1649 1462 1702 1500 20

220 1517 371 1556 Cesaris
390 1518 526 1568 exequi
553 1519 690 1559 debeat
718 1533 851 1560 necne.
889 1520 946 1560 Illi
964 1532 1057 1560 uero
1076 1518 1332 1559 communiter
1350 1519 1629 1569 respondentes

221 1576 329 1616 aiunt
357 1590 435 1616 non
464 1590 549 1617 esse
577 1583 702 1618 tutum
730 1580 827 1619 tanti
846 1580 1027 1631 principis
1056 1584 1329 1630 contempnere
1357 1578 1539 1616 mandata
1559 1590 1629 1616 nec

222 1636 393 1675 dandum
430 1649 515 1676 esse
550 1637 679 1677 locum
716 1639 957 1679 occasionem
994 1638 1181 1689 querenti,
1227 1637 1428 1689 presertim
1462 1649 1551 1675 cum
1588 1649 1630 1675 se

222 1695 316 1734 sciat
345 1695 461 1734 nichil
489 1695 634 1736 sinistri
661 1698 848 1738 aduersus
867 1698 1048 1738 Cesarem
1077 1711 1145 1737 seu
1173 1710 1256 1737 rem
1276 1696 1468 1748 publicam
1487 1694 1629 1734 machi—

222 1759 367 1794 natum.
406 1755 480 1803 Qui
508 1755 725 1808 principum
744 1770 904 1797 suorum
923 1756 1093 1797 consiliis
1111 1756 1360 1807 acquiescens
1379 1759 1487 1806 parat
1505 1753 1630 1793 itineri
1650 1759 1702 1797 25

224 1813 457 1862 necessaria,
494 1815 693 1856 associatis
731 1817 803 1856 sibi
837 1816 970 1857 amicis
1007 1822 1044 1856 et
1085 1816 1322 1868 principibus
1368 1814 1476 1865 regni
1513 1826 1630 1864 quam

222 1873 337 1912 cicius
366 1879 490 1924 potest
518 1874 647 1914 Cesari
676 1889 718 1916 se
745 1881 940 1927 presentat
976 1877 1215 1928 spondetque
1251 1887 1294 1914 se
1321 1874 1535 1914 secundum
1571 1873 1631 1911 ius

223 1932 327 1972 curie
354 1934 403 1972 ad
431 1933 579 1974 obiecta
598 1936 764 1985 quelibet
782 1948 1074 1988 responsurum.
1112 1934 1314 1986 Prefigitur
1342 1934 1422 1973 dies
1450 1946 1473 1972 a
1492 1931 1631 1972 Cesare

224 2004 300 2042 quo
327 2004 405 2031 rex.
423 1993 558 2043 suique
585 1995 795 2035 aduersarii
822 1995 1039 2035 audiantur.
1085 1995 1296 2044 Postquam
1324 1998 1451 2042 autern
1480 1992 1529 2031 ad
1556 1996 1631 2030 sta-

224 2055 349 2090 tutum
377 2051 479 2091 diem
498 2058 659 2093 uentum
678 2060 748 2103 est,
769 2060 958 2095 uocantur
977 2054 1168 2102 consules,
1187 2057 1441 2104 congregatur
1460 2055 1629 2097 senatus,
1649 2054 1704 2092 30

225 2110 461 2150 conueniunt
503 2112 644 2164 quique
687 2114 837 2153 nobiles
882 2113 1165 2161 Romanorum,
1202 2112 1424 2161 uocatisque
1461 2110 1631 2159 utrisque

225 2169 396 2220 partibus
434 2171 546 2210 datur
583 2185 606 2212 a
634 2172 774 2214 Cesare
810 2173 968 2213 licencia
1007 2171 1214 2212 accusandi
1251 2177 1288 2211 et
1324 2169 1632 2210 accusationibus

219 2273 223 2277 ι
330 2253 352 2288 3
377 2258 537 2289 vestrum
562 2257 616 2289 est
632 2254 715 2298 OPp
723 2253 1070 2298 V.—-4responderi
1090 2253 1190 2288 Com.
1207 2252 1314 2295 (ΕΜ,
1331 2250 1546 2295 respondere
1563 2249 1634 2283 alle

227 2307 312 2341 Has.
342 2327 387 2333 —
423 2308 446 2342 5
471 2307 508 2342 in
534 2317 641 2342 auras
670 2308 710 2341 V.
748 2326 792 2332 —
830 2308 852 2342 9
873 2307 983 2342 inual.
1009 2306 1140 2351 LOPp.
1166 2326 1211 2331 —
1239 2306 1283 2339 10
1306 2304 1473 2349 quamuis
1501 2302 1632 2347 OPpV.

226 2379 273 2384 —
301 2360 342 2394 12
367 2370 429 2395 eos
453 2360 647 2405 alloquitur
667 2361 750 2405 OPp
759 2362 799 2396 V.
816 2379 863 2385 —
883 2361 927 2395 13
943 2370 1007 2395 sue
1036 2361 1133 2395 Goni.
1152 2359 1229 2401 (Εὸ.
1255 2358 1331 2400 St.),
1357 2368 1441 2392 suos
1465 2357 1523 2390 die
1546 2356 1631 2390 Hes.

226 2432 273 2440 ·—
302 2413 344 2448 14
368 2413 590 2449 consciencie
614 2413 673 2449 uel
696 2424 802 2458 nequ.
832 2415 964 2458 oPpV.
981 2432 1026 2438 —
1043 2413 1193 2458 produx.
1219 2412 1317 2457 LPp.
1343 2430 1388 2435 —
1416 2411 1459 2445 19
1483 2410 1506 2444 l.
1523 2408 1634 2443 literis

227 2466 312 2511 imp.
338 2477 368 2502 c.
398 2467 530 2511 OPpV.
555 2487 600 2493 ——
626 2468 672 2503 22
696 2467 798 2502 aiunt
821 2467 911 2511 fehlt
940 2467 1072 2512 oPpV.
1108 2485 1156 2491 —
1192 2465 1401 2501 mandatum
1430 2463 1561 2508 OPpV.
1587 2479 1633 2485 —

228 2520 272 2554 27
299 2523 510 2565 presentans
530 2521 652 2565 OPpV
678 2541 722 2547 —
747 2521 899 2565 spondet
922 2521 1019 2565 quod
1045 2520 1078 2554 L
1094 2539 1139 2545 ——
1156 2530 1207 2564 sp.
1233 2529 1302 2553 sec.
1329 2544 1338 2551 .
1357 2545 1364 2552 .
1385 2544 1392 2551 .
1418 2515 1634 2561 respondere

233 2573 364 2617 OPpV.
382 2594 427 2600 —
445 2574 492 2609 28
516 2584 538 2608 a
563 2572 639 2609 Cos.
657 2574 746 2617 fehlt
766 2574 849 2618 OPp
858 2574 897 2609 V.
916 2595 959 2600 —
979 2574 1024 2608 29
1042 2584 1063 2608 a
1088 2583 1208 2608 cesare
1233 2572 1313 2606 aud.
1332 2571 1434 2614 PpV.
1449 2590 1492 2595 —-
1511 2569 1558 2603 30
1574 2578 1633 2601 vo-

230 2627 324 2661 cauit
350 2638 379 2663 c.
397 2630 660 2672 congregantur
683 2631 867 2662 senatores
884 2628 948 2671 Pp.
970 2646 1011 2652 —
1029 2627 1071 2662 31
1100 2625 1231 2670 quique
1250 2640 1291 2655 =
1311 2625 1527 2669 quicumque
1552 2621 1633 2663 (Eb.

230 2679 366 2724 schldyt
389 2691 532 2725 quoque
556 2682 640 2722 vor).
667 2699 712 2705 —
737 2680 918 2725 utrimque
943 2681 985 2715 L.
1020 2698 1054 2705 —
1090 2679 1135 2714 32
1152 2683 1186 2714 et
1211 2689 1282 2713 acc.
1301 2689 1329 2712 r.
1354 2676 1442 2720 fehlt
1470 2676 1600 2719 OPpV.
