1800 2930
778 163 1051 203 -86-

213 277 352 317 uterini
379 283 482 319 sunt.
538 278 585 317 Et
613 277 782 318 narrauit
821 279 1015 328 quomodo
1051 292 1074 318 a
1102 291 1195 318 sene
1224 278 1450 329 philosopho
1478 276 1624 318 inuenti

213 338 302 386 sint,
331 338 524 389 quomodo
559 350 625 389 per
654 337 899 389 septennium
935 337 1093 377 ceruino
1120 338 1216 378 lacte
1253 337 1396 386 nutriti,
1433 338 1626 388 quomodo

213 397 347 437 fratres
374 397 415 437 in
442 396 602 437 flumine
638 397 862 437 balneantes
899 397 1124 437 cathenulas
1162 396 1395 448 perdiderint
1431 409 1521 436 suas
1556 409 1627 436 nec

213 456 404 497 ualuerint
429 461 564 508 postea
581 457 630 496 ad
658 457 869 496 humanam
890 456 1015 497 redire
1033 456 1210 504 formam,
1239 469 1315 506 quo
1335 455 1449 496 etiam
1469 455 1626 495 consilio

169 516 192 553 5
212 516 252 556 in
281 521 416 567 stagno
444 516 510 556 illo
538 516 793 556 consederint.

283 576 391 616 derat
419 580 511 615 tunc
538 575 590 615 ibi
609 589 708 615 anus
735 575 810 624 illa,
839 575 953 615 totius
972 575 1185 626 iniquitatis
1205 576 1407 626 coagulum
1436 574 1626 615 omnium-

310 648 384 686 que
411 635 666 686 pessimarum
694 635 898 675 mulierum
927 640 1052 687 caput,
1091 648 1228 675 seruus
1257 647 1410 686 quoque
1438 634 1502 685 qui
1531 634 1625 674 tanti

212 694 364 734 sceleris
405 694 581 735 minister
623 695 807 744 extiterat,
849 700 886 735 et
922 694 1022 735 inter
1060 695 1184 747 puelle
1222 695 1340 734 uerba
1369 707 1453 734 sese
1492 700 1627 733 mutuo

212 754 465 806 respiciebant
493 759 624 806 utpote
652 755 795 794 conscii
820 754 937 794 huius
966 755 1056 795 mali
1091 768 1162 795 nec
1189 754 1349 794 omnino
1387 754 1627 794 dissimulare

133 814 194 853 ·10
213 819 400 865 poterant,
443 814 538 865 quin
577 815 719 854 rubore
746 814 876 854 uultus
914 815 1120 866 proderent
1148 814 1294 854 crimen
1342 814 1488 854 occulte
1526 826 1626 852 com-

212 873 388 914 missum.
425 874 472 914 Et
491 874 674 924 quoniam
693 887 845 926 semper
864 874 1067 914 occasione
1086 874 1211 925 aliqua
1229 875 1377 914 bonum
1400 873 1462 913 uel
1480 873 1627 912 malum

214 946 330 973 omne
357 933 547 984 panditur,
577 938 803 973 cunctarum
830 947 961 976 rerum
990 939 1094 973 sator
1130 946 1347 984 parensque
1373 934 1482 981 deus,
1519 932 1627 971 cuius

214 993 348 1032 oculus
377 998 515 1032 cuncta
543 998 729 1044 penetrat,
768 993 876 1033 cuius
904 993 1103 1033 scientiam
1132 993 1250 1032 nichil
1277 993 1417 1044 effugit,
1456 992 1520 1043 qui
1558 1004 1628 1031 nec

213 1052 385 1092 insontes
413 1052 536 1104 perire
564 1066 636 1093 nec
663 1053 817 1104 iniquos
845 1053 985 1104 patitur
1022 1052 1164 1093 diutius
1200 1054 1247 1092 de
1275 1052 1426 1092 malicia
1461 1051 1625 1102 gloriari,

146 1111 193 1150 15
213 1117 416 1152 cruentum
444 1113 572 1152 uetule
599 1112 778 1163 seruique
805 1113 981 1152 animum
1009 1114 1057 1152 ad
1083 1113 1159 1152 hoc
1186 1112 1333 1152 incitari
1362 1111 1557 1163 permittit,
1586 1117 1627 1151 ut

218 1171 341 1223 ipsam
360 1172 566 1223 puellulam
586 1172 772 1223 perimere
791 1177 1034 1212 conarentur.
1089 1172 1191 1212 Nam
1210 1173 1333 1223 ipsam
1354 1185 1424 1211 suo
1452 1185 1559 1211 more
1578 1173 1625 1211 ad

213 1237 394 1281 stagnum
413 1233 709 1271 descendentem
732 1237 886 1272 secutus
906 1238 964 1272 est
991 1245 1147 1281 seruus3
1177 1233 1245 1272 sed
1264 1233 1358 1270 dum
1377 1244 1463 1271 eam
1483 1232 1627 1270 nudato

212 1291 337 1342 gladio
364 1291 574 1342 fugientem
602 1291 828 1342 insequitur,
858 1292 1082 1343 superuenit
1109 1305 1132 1331 a
1165 1296 1272 1342 tergo
1300 1291 1415 1330 castri
1449 1290 1628 1330 dominus

213 1363 306 1390 casu
333 1351 380 1390 de
407 1360 500 1402 agro
527 1350 679 1391 rediens
707 1351 816 1402 eique
850 1351 1019 1402 gladium
1047 1350 1295 1402 euaginatum
1333 1351 1381 1391 de
1417 1363 1537 1390 manu
1566 1363 1631 1390 ex-

135 1410 197 1448 120
215 1409 319 1450 cutit.
376 1410 548 1450 Territus
577 1411 638 1450 ille
666 1411 801 1450 mortis
829 1416 935 1451 metu
972 1416 1163 1451 secretum
1192 1410 1319 1450 statim
1357 1410 1482 1450 scelus
1509 1409 1630 1462 aperit

213 1474 420 1520 narratque
448 1483 515 1521 per
543 1470 719 1510 ordinem
747 1470 819 1510 sibi
847 1471 922 1510 hoc
940 1485 964 1510 a
991 1471 1149 1511 domina
1167 1483 1238 1510 sua
1265 1470 1496 1520 imperatum
1511 1470 1628 1509 fuisse

212 1530 466 1580 proclamans.
531 1530 632 1578 Quid
674 1530 811 1582 plura?
878 1530 1053 1582 Requirit
1093 1530 1154 1570 ille
1195 1543 1310 1581 super
1349 1530 1425 1569 hoc
1464 1534 1628 1569 matrem

212 1589 413 1629 scelestam
441 1588 719 1640 ueritatemque
751 1590 800 1630 ab
828 1604 874 1629 ea
901 1589 1104 1630 tormentis
1123 1594 1335 1640 extorquet,
1365 1589 1555 1641 profertur
1583 1589 1629 1627 de

213 1648 351 1688 scrinio
379 1649 526 1700 cyphus
553 1648 617 1689 ille
644 1663 784 1690 aureus
811 1650 878 1700 qui
905 1651 952 1690 de
979 1649 1194 1690 cathenulis
1222 1655 1378 1701 paratus
1409 1662 1494 1688 esse
1521 1653 1626 1700 puta-

142 1706 192 1744 25
213 1708 337 1756 batur,
375 1714 534 1748 uocatur
575 1708 690 1748 etiam
727 1702 920 1749 aurifaber
959 1714 996 1748 et
1035 1723 1087 1749 an
1124 1708 1350 1749 cathenulas
1387 1707 1425 1747 in
1462 1708 1627 1758 cyphum

213 1768 434 1819 expenderit
462 1768 732 1820 interrogatur.
770 1768 845 1817 Qui
866 1769 968 1819 quod
987 1773 1116 1808 actum
1135 1768 1258 1807 fuerat
1277 1767 1477 1808 confessus
1506 1766 1630 1806 reddit

213 1828 408 1868 cathenas.
464 1828 570 1876 Quas
610 1829 735 1880 puella
774 1829 851 1868 leta
891 1828 1104 1879 suscipiens
1146 1828 1326 1868 fratribus
1363 1828 1412 1867 ad
1449 1832 1629 1878 stagnum

213 1887 327 1926 refert
370 1886 568 1938 redditque
609 1887 769 1939 singulis
810 1888 991 1939 singulas.
1048 1888 1226 1927 Redeunt
1268 1900 1360 1938 ergo
1399 1899 1536 1926 omnes
1578 1886 1626 1925 ad

212 1946 426 1987 humanam
454 1947 632 1996 formam,
668 1953 827 2000 excepto
869 1961 948 1987 uno
985 1947 1093 1987 cuius
1130 1947 1334 1987 cathenule
1370 1946 1530 1986 anulum
1559 1945 1628 1984 fre-

141 2004 195 2042 30
212 2011 319 2057 gerat
346 2007 464 2048 saber.
519 2007 593 2047 Hic
621 2008 818 2048 reformari
846 2020 1092 2058 nequaquam
1121 2006 1254 2058 potuit,
1289 2007 1356 2046 sed
1384 2006 1519 2057 cignus
1548 2018 1629 2056 per-

212 2079 377 2106 manens
405 2067 473 2106 uni
501 2080 662 2107 suorum
689 2067 839 2108 adhesit
867 2068 1041 2108 fratrum.
1097 2066 1170 2106 Hic
1197 2071 1255 2106 est
1292 2065 1426 2117 cignus
1463 2066 1511 2104 de
1549 2077 1626 2115 quo

213 2126 316 2166 sama
356 2126 395 2166 in
436 2131 613 2167 eternum
654 2131 876 2179 perseuerat
913 2128 1016 2178 quod
1053 2126 1217 2166 cathena
1255 2138 1372 2166 aurea
1397 2124 1556 2164 militem
1586 2124 1624 2163 in

214 2185 392 2226 nauicula
430 2187 545 2226 traxit
586 2193 790 2227 armatum.
853 2186 1092 2238 Recognouit
1131 2199 1222 2237 ergo
1262 2184 1479 2236 recepitque
1519 2188 1627 2235 pater

215 2244 323 2294 filios,
351 2251 580 2297 receperunt
607 2246 671 2286 filii
699 2251 859 2298 patrem,
889 2246 1061 2286 educitur
1079 2245 1218 2284 iterum
1248 2244 1409 2296 nimpha
1435 2244 1483 2283 de
1510 2255 1627 2283 cauea

332 2348 355 2382 5
380 2347 620 2392 confugerunt
643 2348 709 2395 Pp,
734 2346 986 2392 confugierunt
1014 2347 1090 2383 OV.
1116 2367 1160 2373 —
1186 2347 1208 2380 6
1233 2348 1332 2381 tante
1355 2345 1406 2381 in.
1428 2346 1512 2390 OPp
1522 2345 1563 2381 V.
1584 2366 1625 2370 -—

219 2401 261 2435 13
286 2401 396 2436 nichil
414 2401 599 2445 extingvvit
615 2412 770 2447 quarnec
791 2401 876 2446 OPp
885 2402 926 2437 V.
945 2420 991 2426 —
1011 2401 1054 2436 16
1071 2400 1229 2446 puellam
1249 2400 1333 2444 OPp
1341 2400 1380 2435 V.
1399 2418 1444 2424 —
1465 2399 1508 2434 19
1526 2408 1629 2441 euag.

213 2454 259 2489 de
284 2454 376 2499 fehlt
400 2455 442 2490 L.
471 2473 511 2480 —
539 2456 586 2490 20
610 2455 732 2491 statim
756 2455 845 2500 fehlt
874 2455 957 2499 OPp
967 2455 1006 2490 V.
1032 2474 1078 2480 —
1102 2453 1148 2488 22
1174 2453 1283 2498 procl.
1309 2453 1399 2496 fehlt
1428 2452 1558 2497 OPpV.
1586 2473 1626 2476 —

215 2507 263 2542 ⁰24
287 2507 331 2542 de
355 2507 517 2543 cathenis
542 2508 656 2544 sactus
685 2509 817 2553 OPpV.
843 2529 886 2534 -—
913 2507 959 2542 25
983 2506 1085 2542 faber
1109 2507 1144 2541 L
1165 2526 1212 2531 -
1237 2505 1408 2541 cathenas
1435 2505 1564 2549 oPpV.
1584 2525 1627 2530 —-

217 2561 264 2595 26
277 2559 411 2595 sactum
428 2561 557 2605 OPpV
569 2581 608 2587 --
626 2562 672 2597 28
683 2561 799 2597 defert
814 2562 908 2606 PpV
924 2581 968 2587 —
992 2558 1215 2604 reddiditque
1230 2559 1311 2595 LV.
1326 2579 1370 2585 -
1388 2559 1435 2594 29
1451 2558 1629 2593 humanas

217 2614 353 2649 tonnas
376 2615 431 2658 Pp
456 2635 500 2640 —
527 2615 676 2650 cathene
706 2615 837 2659 OPpV.
864 2635 908 2641 —
941 2614 980 2650 3¹
1011 2613 1074 2650 uni
1098 2613 1279 2648 sociorum
1305 2613 1376 2647 LP.
1412 2632 1457 2638 —
1488 2611 1534 2647 33
1559 2615 1628 2646 tra-

216 2667 279 2702 hat
304 2668 346 2702 L.
372 2688 416 2694 —
442 2667 488 2703 34
513 2668 557 2702 de
581 2669 687 2704 fouea
712 2669 778 2712 Pp.
