1800 2930
702 164 753 172 ....
812 144 975 183 91-

136 255 260 295 tilium
288 255 365 307 igni
393 256 627 297 comburens
654 269 744 296 ossa
771 256 811 296 in
839 258 966 297 aureis
994 259 1163 310 reposuit
1190 260 1298 300 urnis
1325 266 1363 300 et
1401 266 1548 312 patrem

132 315 291 365 quidem
309 315 349 355 in
368 315 546 363 Falerno,
567 315 796 367 magistnim
815 329 908 356 uero
927 316 967 356 in
988 317 1146 358 Mantua
1165 318 1317 359 ciuitate
1334 320 1547 360 collocauit.

133 373 1123 486 Sfflffi‘ffifflssfflffiofflmssssrffiffl'
1146 383 1549 489 123¹?‘321p3'12‘52t52

131 492 292 542 iusticia,
320 494 415 534 dum
442 493 565 533 fllium
592 492 752 533 unicum
779 493 926 544 legibus
954 495 1215 547 supponebat!
1270 496 1424 544 Quanta
1447 497 1547 536 sorti·
1593 500 1619 537 5

132 553 225 592 tudo
252 553 292 592 in
327 566 374 592 eo
409 552 596 603 regnabat
631 552 695 603 qui
725 552 882 592 unicum
921 553 1045 604 perire
1081 554 1159 605 pati
1196 560 1362 606 poterat!
1418 556 1465 595 Et
1501 557 1548 596 de

130 611 208 651 filio
249 611 341 663 quid
379 612 531 651 dicam?
583 611 755 651 Laudem
795 610 836 651 in
873 625 919 651 eo
956 612 1221 653 obedienciam
1258 614 1548 666 custodiamque

133 671 301 723 precepti
326 684 377 711 an
405 670 489 710 eius
515 670 634 710 mirer
659 671 931 718 constantiam,
959 671 1183 723 patientiam
1220 686 1266 712 ac
1303 674 1547 725 pudicitiam?

132 729 221 770 Non
248 730 350 770 inter
376 729 607 770 histrionum
627 730 786 780 plausus
812 731 1073 771 mimorumue
1091 731 1348 772 instrumenta
1374 732 1547 784 magistri

133 789 300 842 neglexit
325 790 564 836 mandatum,
595 802 674 829 non
693 789 794 829 inter
811 803 945 840 regum
974 790 1267 842 principumque
1284 791 1547 842 allocutiones,
1570 792 1618 830 10

129 849 454 900 salutationesque
481 848 671 888 nobilium
698 848 931 889 feminarum
959 849 1175 889 iniunctum
1203 851 1313 902 fregit
1340 851 1545 900 silentium,

129 908 230 949 inter
256 913 311 948 tot
338 907 606 948 incantatrices
634 908 807 959 reginam
836 908 921 947 dico
949 908 1108 960 eiusque
1136 910 1282 961 puellas
1320 911 1545 951 mandatum

130 967 301 1007 seruauit
331 973 368 1007 et
396 967 628 1019 pudicitiam,
656 967 797 1019 septies
824 973 1028 1008 accusatus
1064 969 1280 1020 septiesque
1313 971 1545 1022 dampnatus

127 1028 354 1068 mandatum
361 1027 494 1074 tenuit,
502 1027 655 1078 ignibus
662 1027 872 1079 applicatus
885 1041 1029 1079 magna
1038 1029 1253 1069 constantia
1264 1042 1359 1069 usus
1369 1035 1438 1069 est.
1457 1031 1544 1071 Non

129 1086 294 1126 mutauit
322 1086 485 1134 uultum,
521 1099 601 1126 non
628 1086 783 1126 deflexit
810 1087 954 1135 oculos,
984 1100 1063 1127 non
1093 1088 1219 1128 emisit
1244 1089 1435 1137 lacrimas,
1464 1103 1544 1129 non
1569 1088 1615 1126 15

130 1145 345 1198 trepidauit,
374 1158 454 1185 non
484 1145 623 1195 timuit,
650 1147 719 1186 sed
746 1159 900 1198 semper
927 1160 1030 1186 unus
1057 1153 1173 1198 atque
1209 1147 1310 1187 idem
1338 1148 1543 1188 immobilis

126 1211 163 1245 et
198 1204 410 1257 intrepidus
450 1205 604 1245 mansit.
672 1204 768 1254 Quis
805 1205 920 1245 hodie
957 1219 1092 1257 regum
1130 1208 1190 1246 uel
1228 1207 1443 1258 principum
1478 1214 1544 1247 aut

124 1264 262 1304 saltem
300 1264 486 1305 abbatum
523 1264 644 1316 patris
690 1264 859 1305 imitetur
906 1265 1123 1306 iusticiam?
1190 1266 1286 1315 Quis
1331 1280 1543 1318 pauperum

129 1324 412 1364 monachorum
439 1324 651 1372 dumtaxat,
680 1337 730 1363 ne
757 1324 884 1364 dicam
911 1325 1155 1373 secularium,
1192 1326 1257 1365 filii
1285 1325 1541 1366 obedientiam

125 1388 164 1422 et
182 1383 406 1435 patientiam
425 1387 661 1434 exequatur?
698 1384 776 1423 Sed
795 1384 843 1423 de
859 1384 935 1423 hiis
953 1385 1155 1433 hactenus,
1184 1398 1234 1425 ne
1261 1386 1392 1425 conari
1411 1386 1543 1425 uidear
1561 1384 1614 1422 20

126 1443 224 1482 meis
250 1443 409 1482 attolere
434 1442 612 1482 laudibus
640 1456 737 1494 quos
765 1443 909 1494 proprii
936 1444 1129 1483 illustrant
1155 1449 1276 1484 actus.

124 1501 339 1588 Lucinius
366 1501 480 1553 igitur
507 1515 628 1553 regno
654 1502 848 1553 rebusque
874 1502 993 1554 patris
1020 1502 1254 1554 integraliter
1281 1504 1422 1555 potitus
1450 1504 1540 1543 illud

214 1561 369 1601 feliciter
395 1574 485 1601 cum
513 1574 606 1612 pace
632 1575 756 1612 usque
783 1562 832 1602 ad
860 1562 995 1602 ultima
1013 1562 1167 1613 Tyberii
1190 1563 1341 1603 Cesar-is
1369 1569 1541 1614 tempora

123 1620 366 1671 gubernauic
393 1620 449 1660 sic
475 1633 604 1672 regem
631 1634 764 1672 agens,
801 1626 844 1660 ut
871 1634 914 1660 se
940 1622 1055 1661 etiam
1084 1622 1357 1674 philosophum
1392 1623 1539 1669 habitu,

125 1680 235 1719 uultu
263 1685 300 1720 et
327 1680 500 1720 moribus
528 1686 743 1720 testaretur.
799 1681 881 1721 lam
909 1687 1038 1721 autem
1066 1695 1113 1721 eo
1133 1687 1305 1733 tempore
1332 1682 1474 1722 ueritas
1492 1683 1540 1721 de
1560 1680 1611 1717 ‘25

125 1744 227 1779 terra
255 1745 340 1780 orta
357 1740 492 1787 fuerat,
520 1739 598 1780 iam
616 1741 664 1780 de
691 1740 779 1780 sinu
800 1741 918 1792 patris
937 1741 1102 1781 uerbum
1127 1742 1330 1793 prodierat,
1359 1742 1540 1782 dominus

126 1804 258 1838 noster
275 1799 417 1839 Jhoeus
437 1799 627 1848 Christus,
655 1800 731 1840 iam
750 1813 889 1852 passus
907 1801 1043 1847 fuerat,
1062 1800 1140 1840 iam
1158 1806 1434 1849 resurrexerat,
1462 1801 1540 1840 iam

124 1859 350 1898 ascenderat
385 1859 487 1899 celos
523 1859 678 1910 iamque
713 1860 876 1911 apostoli
912 1860 1161 1912 discipulique
1196 1860 1279 1900 eius
1319 1873 1389 1911 per
1425 1859 1540 1899 totius

124 1917 259 1957 mundi
288 1924 415 1969 partoe
442 1919 684 1971 euangelium
713 1919 973 1970 predicabant.
1019 1920 1196 1968 Quorum
1222 1924 1315 1959 tunc
1344 1932 1446 1959 unus
1475 1918 1538 1969 qui

124 1990 172 2016 ex
209 1977 334 2017 Iudeis
367 1977 555 2018 Romanis
590 1978 631 2018 in
667 1978 866 2018 Christum
903 1979 1128 2026 crediderat,
1164 1978 1385 2031 predicandi
1421 1978 1541 2030 gratia
1559 1974 1611 2012 30

125 2035 293 2076 Siciliam
331 2036 529 2088 ingressus
570 2037 609 2077 in
637 2050 718 2078 una
754 2037 908 2077 urbium
943 2038 982 2077 in
1011 2051 1088 2088 qua
1115 2043 1208 2078 tunc
1235 2038 1332 2078 forte
1358 2037 1541 2077 Lucinius

124 2096 348 2136 morabatur
384 2096 582 2136 Christum
617 2097 738 2137 libera
775 2110 871 2137 uoce
906 2097 1135 2149 predicabat,
1174 2097 1373 2137 affirmans
1410 2096 1539 2148 ipsum

124 2160 336 2195 creatorem
363 2169 449 2195 aese
475 2157 785 2207 saluatoremque
812 2157 987 2196 omnium
1014 2156 1231 2204 hominum,
1260 2157 1375 2195 deum
1403 2168 1539 2195 uerum

241 2262 264 2296 2
288 2263 328 2297 iu
352 2262 496 2298 salerno
527 2263 570 2304 V.
594 2262 631 2298 in
656 2273 833 2308 panormo
861 2264 900 2298 0.
926 2283 971 2289 -
996 2263 1020 2298 4
1044 2273 1133 2307 rogo
1157 2262 1203 2304 L,
1228 2272 1314 2306 ergo
1340 2261 1476 2306 OPpV.
1496 2278 1538 2286 -

124 2315 147 2348 6
171 2314 210 2350 in
233 2325 317 2350 eum
342 2315 378 2351 L
404 2334 447 2340 —
472 2315 535 2360 qui
559 2316 669 2352 talem
692 2327 735 2352 ac
760 2319 903 2352 tantum
926 2316 1097 2352 iuuenem
1122 2326 1155 2361 p.
1169 2326 1204 2360 p.
1225 2315 1358 2360 OPpV.
1375 2335 1421 2340 —
1446 2314 1469 2348 8
1493 2324 1535 2348 ac

123 2368 357 2413 prudenciam
373 2369 468 2414 Οῆ),
485 2369 718 2414 prudenciam
735 2369 1007 2414 custodiamque
1023 2368 1181 2414 precepti
1197 2379 1240 2403 ac
1256 2367 1470 2413 pudiciciam
1495 2367 1535 2400 V.

124 2441 170 2447 —
197 2422 237 2456 11
266 2421 351 2458 nob.
368 2421 599 2458 dominarum
624 2423 693 2458 inc.
715 2422 755 2459 Ο.
785 2442 826 2450 -
856 2423 900 2458 13
924 2422 1125 2458 reseruauit
1149 2423 1227 2458 0V.
1251 2439 1299 2446 —
1326 2422 1369 2456 16
1392 2430 1467 2455 non
1497 2419 1537 2454 ti-

123 2474 242 2510 muit.
260 2503 270 2511 .
288 2501 297 2511 .
322 2475 580 2519 immob.fe1ilt
606 2476 742 2520 OPpV.
776 2494 820 2501 —
858 2477 899 2511 17
925 2475 1124 2520 permansit
1150 2475 1227 2510 01⁷.
1264 2495 1310 2500 —
1347 2474 1390 2508 19
1413 2473 1447 2509 d.
1473 2475 1536 2508 aut

123 2538 194 2563 sec.
222 2529 356 2573 0PpV.
380 2546 426 2554 -—
450 2529 498 2564 20
521 2532 719 2574 exequetur
742 2530 777 2563 L
804 2549 850 2556 —
880 2529 926 2564 de
957 2529 1026 2564 hiis
1056 2531 1196 2563 taceam
1220 2538 1268 2563 ne
1299 2528 1340 2562 V.
1364 2545 1409 2551 -
1440 2525 1483 2560 21
1512 2524 1534 2559 1.

123 2581 218 2617 uelle
241 2592 333 2627 quos
355 2585 458 2618 act-s
481 2583 615 2628 proprii
639 2582 866 2618 illustrarunt
884 2583 923 2617 O.
941 2603 985 2608 —
1011 2583 1058 2617 22
1083 2582 1166 2617 Luc.
1191 2584 1312 2615 autem
1341 2579 1474 2624 opPV.
1491 2598 1536 2604 —

124 2635 171 2669 28
194 2635 338 2680 iamque
362 2635 525 2681 discipuli
550 2646 615 2680 per
642 2636 774 2679 OPpV.
