1800 2930
734 238 1006 277 -21-

171 371 257 398 mos
295 357 415 397 eciam
450 355 701 408 philosophos
736 353 902 405 gloriari.
966 352 1089 392 Amor
1125 351 1237 403 igitur
1273 351 1338 402 qui
1378 351 1577 401 hucusque

170 416 270 457 inter
299 430 370 457 nos
396 415 552 456 habitus
579 420 651 462 est,
678 426 772 464 rogo
800 418 955 453 maneat
987 411 1238 451 inconuulsus
1275 423 1346 450 nec
1378 410 1455 450 ullo
1483 415 1574 449 tem-

171 489 309 528 porum
337 476 534 526 frangatur
560 473 682 520 senio,
711 473 778 512 sed
806 473 854 511 de
881 471 942 510 die
975 470 1015 510 in
1043 470 1145 509 diem
1182 474 1389 510 renouetur
1416 475 1453 509 et
1487 469 1576 509 licet

170 534 301 575 multis
329 540 518 574 terrarum
536 532 673 584 spaciis
701 531 909 582 multisque
929 530 1139 570 interuallis
1159 535 1375 580 temporum
1403 542 1575 581 corpora·

169 595 252 635 liter
279 593 483 640 diuidatur,
510 592 625 632 corde
645 597 774 631 tamen
804 596 841 631 et
869 591 1001 630 animo
1029 590 1186 629 alternis
1214 602 1365 640 semper
1392 588 1575 640 amplexi·
1620 588 1645 626 5

168 653 242 693 bus
268 651 513 703 astringatur.
550 651 651 690 Dum
680 663 771 701 ergo
798 663 822 689 a
849 662 912 689 me
931 648 1114 688 dimissus
1143 653 1347 698 paternum
1365 647 1576 699 optinueris

169 725 342 764 regnum,
384 711 567 751 exhibeas
608 716 646 750 te
680 710 720 749 in
759 722 848 760 rege
884 708 1157 760 philosophum
1195 713 1231 747 et
1270 708 1309 746 in
1346 706 1575 758 philosopho

167 784 310 822 regem,
355 770 499 821 regiam
541 768 786 820 philosophie
827 768 1026 819 disciplina
1069 773 1288 818 temperans
1335 766 1575 805 maiestatem

167 830 522 879 commendansque
550 828 835 880 philosophiam
871 827 972 879 regie
1009 826 1219 874 maiestati;
1256 825 1438 866 omnibus
1470 830 1508 864 te
1534 825 1575 863 in

167 895 354 940 quantum
381 889 467 928 licet
495 888 737 927 conformare
765 888 928 931 studete,
958 886 1063 926 omni
1092 885 1193 932 etati,
1222 885 1330 925 sexui
1358 885 1420 924 uel
1447 884 1574 924 condi·
1597 882 1646 920 10

165 948 260 988 tioni
287 948 347 988 ius
375 960 491 987 suum
520 946 706 994 tribuens,
736 947 967 997 studeasque
994 946 1115 996 magis
1144 945 1265 984 amari
1293 957 1409 995 quam
1437 943 1574 983 timeri.

165 1006 242 1047 Sed
269 1007 317 1047 de
342 1007 403 1046 his
430 1007 641 1046 hactenus:
670 1005 901 1045 sufficienter
928 1005 1032 1045 enim
1059 1006 1107 1044 de
1134 1003 1353 1044 huiusmodi
1382 1003 1497 1043 rebus
1524 1003 1574 1042 ab

162 1066 246 1118 ipsa
273 1065 514 1118 philosophia
541 1065 752 1104 instructus
779 1078 834 1104 es.

164 1123 364 1214 Ceterum
393 1130 523 1164 autem
553 1124 740 1175 quoniam
768 1137 927 1163 necesse
961 1129 1019 1163 est
1055 1128 1092 1162 et
1126 1123 1179 1162 sic
1213 1127 1362 1174 oportet
1399 1121 1491 1167 fieri,
1532 1127 1575 1161 ut

244 1197 307 1224 me
334 1184 374 1223 in
403 1184 499 1223 urbe
527 1183 659 1223 relicto
686 1183 725 1222 in
755 1183 918 1234 patriam
953 1183 1122 1234 repedes,
1151 1187 1265 1221 antea
1292 1194 1408 1232 quam
1444 1181 1481 1221 id
1509 1181 1575 1221 fiat
1596 1182 1645 1222 15

166 1256 290 1283 unum
326 1244 429 1294 quod
462 1243 710 1294 postulauero
746 1242 835 1281 uolo
874 1248 914 1281 ut
943 1242 1143 1281 concedas.
1206 1241 1257 1280 At
1284 1240 1486 1280 Luciniusz
1527 1240 1575 1280 Et

166 1315 253 1354 que,
282 1302 347 1350 ait,
376 1302 438 1342 uel
464 1307 609 1352 quanta
636 1306 762 1353 potest
789 1314 875 1340 esse
911 1301 1047 1352 peticio
1076 1314 1192 1351 quam
1229 1300 1296 1340 tibi
1333 1300 1478 1352 possim
1511 1300 1572 1339 uel

163 1363 327 1402 audeam
355 1362 573 1412 denegare?
626 1360 758 1400 Eciam
795 1360 865 1400 etsi
893 1366 1097 1412 paternum
1133 1365 1282 1411 peteres
1315 1372 1489 1410 regnum,
1518 1360 1573 1398 ul-

164 1426 323 1461 troneus
369 1421 631 1460 concederem.
700 1420 793 1459 Iube
833 1432 923 1470 ergo
970 1419 1163 1469 quodlibet
1208 1424 1245 1458 et
1284 1424 1390 1458 tuam
1438 1418 1572 1458 edicito

165 1481 417 1520 uoluntatem.
473 1479 671 1530 Virgilius:
700 1479 824 1526 Prius,
855 1479 990 1529 inquit,
1018 1484 1119 1518 certe
1147 1478 1262 1517 michi
1290 1478 1475 1517 iuraueris
1503 1491 1570 1528 per
1589 1479 1643 1517 20

166 1540 285 1590 patris
312 1539 541 1589 Cesarisque
569 1539 733 1578 salutem
763 1539 865 1589 quod
893 1538 1070 1589 quicquid
1099 1550 1306 1588 precepero
1334 1537 1570 1576 obseruabis.

164 1598 307 1638 lurauit
345 1598 407 1637 ille
443 1611 485 1638 se
518 1598 815 1638 obseruaturum
853 1597 1032 1648 quicquid
1073 1596 1292 1648 preciperet,
1334 1609 1570 1647 quamquam

163 1664 265 1698 esset
292 1658 419 1709 ipsum
446 1671 564 1709 graue
591 1663 627 1697 et
656 1657 816 1704 difficile,
859 1658 891 1697 si
925 1663 1053 1697 tamen
1082 1657 1131 1696 ab
1166 1657 1245 1696 ullo
1282 1662 1409 1707 posset
1445 1655 1571 1695 homi-

164 1731 260 1757 num
279 1717 490 1757 obseruari.
528 1717 723 1768 Virgilius.
751 1717 869 1756 Iubeo
896 1729 986 1768 ergo
1005 1721 1043 1756 et
1061 1715 1284 1755 auctoritate
1311 1715 1480 1766 magistri
1505 1715 1571 1755 tibi

161 1777 338 1829 precipi0,
367 1782 409 1816 ut
437 1789 484 1816 ex
512 1777 575 1816 illa
602 1776 699 1816 hora
737 1789 814 1827 qua
841 1790 864 1816 a
891 1789 955 1816 me
991 1775 1242 1827 separaberis,
1277 1775 1371 1814 nulli
1407 1775 1570 1814 uerbum
1589 1774 1640 1813 25

162 1836 343 1887 loquaris,
373 1849 454 1875 non
482 1836 521 1875 in
551 1836 627 1884 uia,
656 1849 735 1876 non
764 1836 804 1875 in
832 1836 965 1887 patria,
994 1848 1073 1874 non
1094 1834 1183 1886 regi,
1213 1846 1292 1873 non
1321 1834 1463 1885 regine,
1491 1847 1570 1874 non

160 1896 395 1947 principibus
412 1896 520 1946 regni
540 1896 608 1943 tui,
637 1896 705 1935 sed
726 1895 821 1934 nulli
849 1895 1009 1934 omnino
1036 1894 1253 1941 hominum,
1282 1894 1405 1933 donec
1431 1893 1570 1933 iterum

159 1960 270 1994 tuum
297 1955 428 1994 uideas
446 1960 720 2006 preceptorem.
758 1955 858 2002 Heu,
886 1954 938 1994 ait
956 1954 1150 2002 Lucinius,
1178 1959 1215 1993 et
1252 1953 1336 2004 quis
1355 1958 1435 1993 tam
1453 1966 1572 2005 graue

160 2020 381 2066 preceptum
421 2014 585 2054 sufficiat
617 2015 838 2061 obseruare,
876 2027 966 2054 cum
999 2014 1101 2053 istud
1137 2013 1185 2053 sit
1225 2013 1431 2052 menbrum
1469 2013 1568 2063 quod

280 2092 294 2125 1
324 2091 385 2136 qui
417 2091 507 2134 fehlt
535 2091 612 2126 oV.
651 2111 696 2117 —
733 2091 755 2125 2
780 2094 834 2126 est
857 2091 947 2134 fehlt
975 2091 1050 2125 OV.
1094 2109 1136 2116 —
1179 2090 1203 2124 4
1227 2090 1457 2135 corporaliter
1479 2090 1569 2133 fehlt

162 2143 294 2190 OPpV.
308 2164 354 2171 -
371 2145 394 2179 5
410 2149 495 2179 stau
518 2144 701 2179 diuidatur
725 2148 814 2179 coni.
833 2145 903 2179 Εὖ.
928 2143 1143 2185 diuidamur,
1168 2144 1290 2178 eben-so
1313 2143 1566 2187 astringamur.

159 2215 205 2224 —
229 2199 252 2232 6
276 2208 300 2232 a
322 2208 382 2232 me
397 2197 446 2233 sis
469 2197 608 2232 diuisus
625 2199 693 2242 Pp,
718 2208 741 2232 a
764 2208 824 2232 me
848 2198 897 2232 sis
921 2196 1102 2232 diuisurus
1121 2196 1193 2233 OV
1223 2217 1269 2223 —
1305 2200 1568 2241 paternumque

161 2249 254 2295 opp
264 2251 307 2286 V.
321 2269 360 2276 —
373 2250 396 2285 8
412 2251 574 2294 reginam
594 2250 686 2296 OPp
705 2270 748 2275 —
771 2250 1035 2295 philosophiam
1055 2251 1098 2286 V.
1124 2269 1167 2274 —
1182 2249 1406 2295 disciplinam
1427 2249 1499 2285 OV
1520 2268 1566 2274 -—·

158 2303 346 2339 maiestate
370 2303 720 2349 PpR—ecomm.
747 2330 756 2338 .
774 2331 783 2339 .
802 2331 810 2339 .
836 2304 920 2339 mai.
936 2303 1028 2347 fehlt
1056 2304 1188 2348 OPpV.
1215 2322 1258 2328 —
1287 2304 1330 2338 12
1355 2303 1389 2339 h.
1408 2313 1482 2338 non
1507 2303 1565 2338 de-

159 2356 264 2392 sistas
290 2357 361 2391 OV
382 2376 425 2382 —
451 2357 560 2392 rebus
586 2357 685 2393 Coni.
704 2358 786 2401 Eb„
811 2357 900 2401 fehlt
922 2358 991 2391 den
1015 2358 1100 2391 Has.
1126 2357 1236 2392 -15
1261 2367 1318 2392 me
1342 2367 1384 2391 ac
1408 2367 1443 2391 u.
1469 2357 1503 2391 L
1519 2376 1563 2381 —

159 2409 307 2455 repedas
322 2410 413 2453 fehlt
429 2410 475 2452 L,
501 2410 651 2455 repedas
678 2410 720 2451 Ο,
745 2411 871 2446 redeas
893 2410 961 2455 Pp,
987 2410 1158 2455 repatriae
1184 2410 1216 2446 V
1232 2410 1305 2453 (rel.
1322 2413 1361 2445 tu
1378 2421 1412 2455 p.
1430 2409 1565 2444 revisas

159 2463 246 2498 oda·
259 2467 400 2508 repetas
417 2464 504 2498 oder
518 2463 581 2499 rel.
599 2467 639 2498 tu
657 2463 828 2508 repatries
843 2464 980 2508 schlam
997 2464 1046 2498 Sc.
1063 2465 1147 2506 vor).
1165 2482 1204 2488 —
1222 2464 1262 2498 17
1279 2466 1315 2498 et
1331 2465 1465 2507 quanta
1484 2462 1562 2503 ΟΡ,

159 2518 223 2551 aut
254 2519 390 2561 quanta
419 2517 455 2553 V
480 2537 525 2543 —
550 2527 698 2562 possum
734 2516 850 2553 OPV.
890 2536 931 2542 —
974 2517 1018 2552 18
1041 2516 1189 2552 Etiamsi
1214 2527 1249 2561 p.
1282 2519 1403 2561 petere
1442 2527 1469 2551 r.
1503 2526 1563 2551 vo-

159 2568 268 2604 lueris
286 2570 427 2615 OPpV.
445 2570 548 2605 -19
565 2580 651 2614 ergo
667 2571 757 2614 fehlt
776 2569 911 2614 OPpV.
930 2589 972 2594 —
994 2570 1037 2605 21
1058 2570 1152 2615 quod
1169 2570 1261 2614 fehlt
1274 2570 1426 2614 PpV—
1442 2579 1564 2604 seser·

159 2624 327 2658 naturum
346 2622 486 2668 OPpV.
515 2643 560 2650 --—
586 2624 632 2658 23
660 2627 754 2659 &et
777 2623 866 2667 fehlt
883 2623 990 2667 LPp,
1027 2623 1117 2659 foret
1145 2622 1187 2658 Ο.
1210 2641 1257 2647 -
1282 2622 1329 2657 24
1352 2621 1448 2667 Virg.
1472 2621 1562 2665 fehlt

162 2673 299 2720 GRV.
318 2694 361 2701 —
381 2677 428 2711 25
451 2677 674 2722 separaueris
701 2676 803 2721 oPp,
827 2680 1014 2722 separatus
1038 2676 1147 2712 rueris
1179 2676 1218 2712 V.
1242 2694 1276 2701 —
1298 2675 1344 2710 29
1368 2685 1430 2720 pr..
1445 2677 1562 2719 potest

160 2727 219 2762 uel
241 2738 270 2763 s.
294 2729 363 2773 Pp,
386 2731 503 2774 potest
525 2730 585 2764 uel
609 2730 742 2765 sufficit
760 2729 800 2771 Ο,
827 2733 944 2774 potest
968 2729 1024 2765 vel
1049 2729 1166 2764 valeat
1197 2729 1238 2765 V.
