1800 2930
811 141 1085 180 „90-

241 256 366 295 uellet.
399 277 445 283 —-
476 255 524 295 Et
552 267 640 295 ecce
657 254 846 295 maiorem
872 256 947 295 hac
966 255 1003 294 in
1034 256 1193 296 muliere
1220 255 1332 296 uideo
1351 256 1553 304 maliciam,
1584 270 1658 307 que

241 314 349 364 quasi
377 313 456 365 regi
485 314 723 366 compatiens
752 315 873 355 filium
900 316 1119 355 sanandum
1148 315 1305 367 suscipit
1337 315 1541 366 ipsumque
1569 316 1656 366 quia

241 386 309 413 sue
337 387 416 414 non
445 374 529 414 uult
556 386 691 425 parere
717 374 864 414 libidini
891 374 1027 414 asserit
1055 374 1125 414 sibi
1154 374 1375 414 uiolentiam
1403 374 1588 414 intulisse.

241 430 340 521 Sed
373 438 415 473 ut
447 433 522 472 hiis
549 433 627 472 iam
655 433 774 473 finem
802 433 1013 485 imponam,
1042 438 1096 481 tu,
1134 445 1157 473 o
1186 446 1266 482 rex,
1305 446 1464 484 uosque,
1502 446 1525 473 o
1553 433 1655 484 prin-

194 493 219 531 5
319 492 439 544 cipes,
486 497 622 532 contra
656 493 768 545 ,leges
809 493 1042 533 sententiam
1093 493 1133 532 in
1179 493 1385 532 Lucinium
1432 492 1654 544 protulistis,

238 556 391 592 mutum
430 565 502 592 nec
541 553 775 603 respondere
817 565 890 592 nec
930 566 972 592 se
1009 565 1192 592 excusare
1229 553 1423 592 ualentem
1451 553 1654 603 condemp-

238 615 388 651 nantes.
428 611 530 651 Nam
557 611 736 662 quamuis
763 613 868 663 leges
896 611 1056 663 singulis
1085 612 1310 652 criminibus
1330 611 1501 663 singulas
1530 612 1655 651 decer·
1677 616 1680 618 '

238 675 332 710 nant
360 683 495 722 penas,
523 671 619 710 nulli
647 676 777 711 tamen
814 671 1023 711 excusandi
1052 684 1094 711 se
1122 671 1183 711 uel
1219 684 1290 723 pro
1318 684 1359 711 se
1396 670 1654 722 respondendi

237 729 412 769 adimunt
439 730 670 778 facultatem,
707 731 856 770 nullum
893 743 987 770 uero
1015 731 1177 770 surdum
1205 736 1270 770 aut
1306 736 1459 770 mutum
1497 730 1570 769 nisi
1608 731 1655 769 de

157 788 218 827 ¹10
236 788 297 829 his
326 802 400 840 que
419 789 601 829 omnibus
620 794 752 841 patent
779 790 992 841 dampnare
1010 790 1207 830 uidentur:
1236 791 1343 829 hunc
1362 789 1452 840 quia
1471 803 1655 829 excusare

236 861 278 888 se
305 853 371 888 aut
412 862 482 900 pro
528 862 570 888 se
610 850 844 900 respondere
886 862 966 888 non
1007 849 1120 897 ualet,
1144 849 1268 888 -illum
1302 849 1392 900 quia
1425 861 1496 888 nec
1524 849 1654 888 audire

236 907 374 948 sufficit
410 913 668 948 accusantem.
725 908 896 948 Soluitur
933 921 1022 959 ergo
1059 908 1167 948 iussu
1206 908 1348 959 Virgilii
1376 908 1559 948 Lucinius
1599 908 1654 946 in-

236 966 439 1018 duiturque
457 967 643 1015 uestibus,
672 980 719 1007 ex
738 972 918 1019 precepto
936 967 1108 1019 magistri
1128 973 1259 1007 narrat
1281 981 1348 1020 per
1367 968 1542 1008 ordinem
1563 980 1653 1018 quo-

235 1028 350 1067 modo
378 1028 427 1067 ab
447 1040 493 1067 eo
521 1027 722 1067 recesserit
741 1028 894 1078 quodue
913 1028 962 1068 ab
984 1027 1067 1079 ipso
1095 1028 1283 1079 acceperit
1310 1029 1552 1076 mandatum,
1573 1027 1653 1078 qui-

167 1084 214 1122 15
235 1087 308 1126 hus
323 1100 413 1126 eum
432 1086 709 1139 modis'regina
723 1101 767 1127 ac
786 1088 911 1139 puelle
930 1088 977 1127 ad
991 1087 1189 1127 libidinem
1207 1087 1393 1128 inclinare
1408 1093 1544 1127 conate
1563 1087 1652 1133 sint,

235 1159 312 1196 quo
331 1146 443 1186 etiam
464 1146 622 1186 consilio
636 1152 771 1187 contra
789 1161 880 1187 eum
899 1147 1184 1187 coniurauerint
1203 1148 1346 1195 uultus,
1366 1147 1505 1195 crines,
1525 1151 1653 1186 uestes

234 1205 416 1245 manibus
445 1205 716 1257 unguibusque
754 1206 956 1246 laniantes.
1013 1207 1124 1246 Tunc
1161 1211 1300 1246 cuncto
1342 1207 1483 1258 populo
1520 1211 1653 1246 contra

233 1264 407 1316 reginam
435 1265 593 1316 eiusque
611 1266 758 1317 puellas
785 1267 1060 1318 proclamante,
1088 1266 1127 1305 in
1147 1267 1283 1306 eodem
1302 1267 1386 1306 loco
1405 1266 1550 1316 absque
1578 1265 1654 1304 ulla

233 1324 413 1364 dilatione
441 1338 464 1364 a
491 1325 653 1377 propriis
681 1325 906 1377 parentibus
947 1330 984 1365 et
1011 1325 1183 1377 cognatis
1220 1325 1296 1376 igni
1325 1325 1461 1364 tradite
1497 1330 1588 1364 sunt
1616 1330 1653 1364 et

159 1381 214 1420 20
233 1389 474 1435 consumpte,
503 1384 634 1436 sicque
651 1385 690 1424 in
720 1385 872 1424 foueam
893 1398 1009 1436 quam
1029 1386 1205 1425 foderant
1223 1390 1260 1424 et
1279 1385 1315 1424 in
1337 1385 1519 1435 laqueum
1537 1397 1653 1434 quem

234 1444 475 1484 tetenderant
508 1443 721 1484 incidentes
750 1444 906 1495 dignam
945 1444 1036 1484 satis
1073 1444 1268 1484 maleficiis
1306 1444 1386 1483 suis
1424 1449 1650 1495 receperunt

233 1516 386 1554 penam.
441 1503 624 1543 Lucinius
652 1509 781 1543 autem
810 1517 899 1543 cum
928 1503 1104 1544 omnium
1142 1503 1266 1544 leticia
1293 1505 1341 1543 ad
1371 1503 1554 1554 palatium
1595 1515 1654 1542 re·

233 1563 371 1602 ductus
399 1562 505 1613 regni
525 1563 740 1603 diademate
761 1568 966 1603 coronatus
986 1568 1044 1603 est
1058 1563 1359 1614 homagiumque
1378 1567 1415 1602 et
1435 1562 1653 1601 fidelitatem

233 1635 257 1662 a
282 1621 436 1673 regibus
465 1628 501 1662 et
529 1622 766 1674 principibus
786 1623 940 1674 recepit,
970 1627 1133 1674 postque
1151 1623 1334 1662 omnibus
1363 1623 1410 1662 ad
1439 1635 1511 1661 sua
1529 1621 1653 1661 redire

161 1677 214 1717 25
234 1681 463 1731 permissum
492 1687 561 1722 est.

231 1740 451 1828 Mortuus
474 1746 532 1780 est
560 1746 690 1781 autem
717 1754 763 1781 eo
791 1754 896 1781 anno
923 1755 992 1781 rex
1021 1741 1269 1792 Dolopathos,
1309 1742 1376 1780 sed
1404 1745 1442 1780 et
1470 1740 1650 1792 Virgilius

337 1800 430 1840 obiit
441 1800 602 1851 illosque
618 1802 714 1840 duos
731 1802 947 1840 caternulos
963 1814 1059 1852 quos
1074 1802 1121 1840 de
1145 1801 1292 1840 artibus
1312 1801 1592 1852 conscripserat
1612 1800 1651 1839 in

233 1864 413 1911 suprema
440 1860 576 1900 mortis
605 1873 674 1900 sue
700 1861 798 1899 hora
835 1873 954 1900 manu
990 1860 1155 1909 inclusit,
1192 1873 1263 1900 nec
1300 1860 1400 1899 ultra
1436 1861 1485 1899 ab
1523 1860 1653 1910 aliquo

232 1924 440 1971 potuerunt
468 1919 591 1959 euelli.
645 1919 766 1959 Aiunt
803 1919 919 1971 aliqui
947 1933 1038 1960 eum
1074 1933 1143 1972 per
1170 1919 1355 1959 inuidiam
1392 1920 1467 1958 hoc
1505 1919 1651 1966 fecisse,

159 1975 214 2014 30
232 1978 294 2018 alii
334 1979 466 2019 dicunt
505 1979 646 2019 idcirco
682 1980 838 2027 sactum,
880 1992 941 2027 ne,
984 1980 1077 2019 dum
1115 1985 1217 2019 artes
1245 1979 1294 2018 ab
1332 1978 1515 2018 omnibus
1543 1978 1652 2018 facile

232 2038 481 2086 discerentur,
510 2038 738 2078 nitescerent
774 2052 846 2079 nec
876 2039 939 2078 ulli
977 2039 1117 2078 amodo
1155 2039 1282 2078 honor
1310 2037 1461 2078 debitus
1502 2051 1570 2090 pro
1599 2038 1653 2088 ip-

233 2110 364 2138 sarum
392 2097 552 2138 scientia
579 2103 823 2149 prestaretur.
880 2098 1031 2138 Horum
1060 2111 1221 2150 corpora
1247 2096 1430 2137 Luciuius
1459 2097 1534 2136 ritu
1562 2110 1651 2148 gen-

352 2209 367 2244 1
396 2209 468 2244 uid.
495 2219 652 2254 nequam
681 2210 720 2251 0,
747 2209 819 2245 uid.
838 2209 1042 2255 nequiciam
1068 2211 1111 2246 V.
1132 2229 1174 2234 —
1201 2210 1223 2244 3
1240 2220 1305 2245 sue
1329 2209 1445 2244 noluit
1462 2220 1494 2254 p.
1519 2209 1651 2254 OPpV.

232 2281 275 2288 -
303 2263 326 2297 5
350 2263 472 2307 legum
490 2264 528 2305 Ο,
553 2262 642 2308 legis
669 2264 703 2299 V
726 2283 770 2289 —
797 2263 892 2299 male
917 2266 1008 2309 prot.
1030 2264 1107 2298 OV.
1125 2284 1170 2289 —
1190 2263 1209 2298 7
1235 2263 1395 2307 singulas
1419 2263 1508 2307 fehlt
1528 2262 1655 2307 OPpV

234 2335 278 2342 ··-
304 2316 389 2352 disc.
415 2317 513 2361 PpV
533 2336 579 2343 —
605 2317 626 2351 9
643 2316 797 2360 denegat
821 2317 888 2352 fac.
914 2318 947 2352 V
968 2338 1014 2344 —
1043 2318 1087 2352 10
1110 2317 1144 2352 d.
1163 2317 1298 2352 audent
1322 2317 1362 2351 V.
1380 2336 1426 2341 —
1447 2317 1547 2359 lOlll
1575 2326 1650 2351 exc.

232 2372 295 2405 aut
312 2370 344 2404 L
364 2389 403 2395 —
426 2370 466 2404 11
486 2380 560 2405 non
586 2369 683 2405 ualet
707 2380 894 2414 nunquam
911 2381 978 2406 nec
1002 2371 1085 2406 aud.
1105 2370 1171 2415 Pp.
1188 2390 1233 2396 -
1255 2370 1297 2404 13
1321 2372 1445 2405 narrat
1470 2368 1592 2404 omnia
1617 2379 1651 2412 p.

232 2435 265 2460 o.
287 2422 368 2459 OV.
394 2443 439 2449 —
467 2423 512 2458 14
527 2433 644 2468 recep.
661 2432 715 2458 m:
739 2424 816 2458 OV.
842 2444 887 2450 -
923 2424 967 2459 15
992 2424 1037 2459 ad
1062 2423 1122 2459 lib.
1150 2423 1246 2458 hune
1271 2433 1469 2467 prouocare
1498 2423 1581 2467 OPp
1605 2440 1649 2446 —-

232 2487 312 2512 con.
325 2479 411 2512 sunt
427 2477 486 2511 die
501 2477 587 2512 Ηεε.
605 2495 652 2501 -
672 2477 713 2511 17
732 2476 931 2513 lacerantes
950 2477 1020 2512 ΟΥ
1035 2498 1078 2503 —
1101 2477 1146 2512 18
1162 2476 1275 2512 concl.
1301 2477 1342 2511 V.
1368 2496 1413 2502 —
1438 2476 1485 2510 23
1510 2474 1603 2510 diad.
1630 2486 1651 2509 a

232 2529 377 2575 regibus
393 2540 466 2566 cor.
484 2540 514 2565 e.
532 2530 560 2564 O
581 2548 620 2555 -
639 2530 915 2575 hominiumque
931 2531 977 2567 L.
996 2551 1041 2557 —
1060 2530 1107 2566 24
1119 2533 1200 2576 post
1215 2529 1282 2565 hec
1295 2530 1362 2574 Pp.
1382 2548 1423 2555 —
1452 2528 1561 2572 24125
1579 2538 1652 2563 om-

232 2583 293 2619 nia
316 2583 362 2619 ad
386 2594 414 2619 s.
441 2583 516 2619 red.
538 2583 683 2628 propria
709 2583 902 2628 vnicuique
927 2595 961 2629 p.
979 2594 1010 2619 e.
1040 2584 1117 2619 ΟΥ.
1143 2605 1186 2609 -
1214 2583 1260 2618 26
1285 2582 1411 2618 eodem
1446 2581 1580 2626 OPpV.
1607 2600 1650 2606 —

233 2637 278 2671 27
304 2639 467 2682 quatern.
494 2637 553 2671 die
579 2637 665 2671 Hss.
692 2656 734 2661 —
762 2637 809 2672 30
833 2637 936 2672 facile
961 2637 1053 2682 fehlt
1077 2638 1119 2672 L.
