<?xml version="1.0" encoding="UTF-8"?>
<!DOCTYPE html PUBLIC "-//W3C//DTD XHTML 1.0 Transitional//EN"
    "http://www.w3.org/TR/xhtml1/DTD/xhtml1-transitional.dtd">
<html xmlns="http://www.w3.org/1999/xhtml" xml:lang="en" lang="en">
 <head>
  <title>
</title>
<meta http-equiv="Content-Type" content="text/html;charset=utf-8" />
  <meta name='ocr-system' content='tesseract 3.04.00' />
  <meta name='ocr-capabilities' content='ocr_page ocr_carea ocr_par ocr_line ocrx_word'/>
</head>
<body>
  <div class='ocr_page' id='page_1' title='image "./historiaseptemsa02hilkuoft_0097.png"; bbox 0 0 1800 2930; ppageno 0'>
   <div class='ocr_carea' id='block_1_1' title="bbox 0 2622 57 2930">
    <p class='ocr_par' dir='ltr' id='par_1_1' title="bbox 0 2622 57 2930">
     <span class='ocr_line' id='line_1_1' title="bbox 0 2622 57 2930; baseline 0 0"><span class='ocrx_word' id='word_1_1' title='bbox 0 2622 57 2930; x_wconf 95' lang='lat' dir='ltr'> </span> 
     </span>
    </p>
   </div>
   <div class='ocr_carea' id='block_1_2' title="bbox 719 181 995 220">
    <p class='ocr_par' dir='ltr' id='par_1_2' title="bbox 719 181 995 220">
     <span class='ocr_line' id='line_1_2' title="bbox 719 181 995 220; baseline 0 -10"><span class='ocrx_word' id='word_1_2' title='bbox 719 181 995 220; x_wconf 81' lang='lat'><strong><em>...79-</em></strong></span> 
     </span>
    </p>
   </div>
   <div class='ocr_carea' id='block_1_3' title="bbox 148 293 1643 2247">
    <p class='ocr_par' dir='ltr' id='par_1_3' title="bbox 148 293 1643 2247">
     <span class='ocr_line' id='line_1_3' title="bbox 154 293 1567 347; baseline 0.001 -12"><span class='ocrx_word' id='word_1_3' title='bbox 154 295 258 346; x_wconf 89' lang='lat' dir='ltr'>quod</span> <span class='ocrx_word' id='word_1_4' title='bbox 284 294 325 335; x_wconf 91' lang='lat' dir='ltr'>in</span> <span class='ocrx_word' id='word_1_5' title='bbox 353 293 409 335; x_wconf 86' lang='lat' dir='ltr'>eis</span> <span class='ocrx_word' id='word_1_6' title='bbox 437 293 502 335; x_wconf 86' lang='lat' dir='ltr'>filii</span> <span class='ocrx_word' id='word_1_7' title='bbox 527 293 703 335; x_wconf 80' lang='lat' dir='ltr'>liberatio</span> <span class='ocrx_word' id='word_1_8' title='bbox 729 293 984 334; x_wconf 74' lang='lat' dir='ltr'>contineatur.</span> <span class='ocrx_word' id='word_1_9' title='bbox 1039 295 1123 346; x_wconf 80' lang='lat' dir='ltr'>Ego</span> <span class='ocrx_word' id='word_1_10' title='bbox 1155 300 1285 335; x_wconf 85' lang='lat' dir='ltr'>autem</span> <span class='ocrx_word' id='word_1_11' title='bbox 1319 295 1567 347; x_wconf 78' lang='lat' dir='ltr'>petitionibus</span> 
     </span>
     <span class='ocr_line' id='line_1_4' title="bbox 154 353 1565 406; baseline 0.001 -11"><span class='ocrx_word' id='word_1_12' title='bbox 154 367 291 395; x_wconf 89' lang='lat' dir='ltr'>eorum</span> <span class='ocrx_word' id='word_1_13' title='bbox 309 354 558 405; x_wconf 74' lang='lat' dir='ltr'>acquiescens</span> <span class='ocrx_word' id='word_1_14' title='bbox 575 353 710 394; x_wconf 78' lang='lat' dir='ltr'>differo</span> <span class='ocrx_word' id='word_1_15' title='bbox 727 366 773 393; x_wconf 83' lang='lat' dir='ltr'>ac</span> <span class='ocrx_word' id='word_1_16' title='bbox 791 354 1005 393; x_wconf 88' lang='lat' dir='ltr'>recrastino</span> <span class='ocrx_word' id='word_1_17' title='bbox 1024 354 1268 402; x_wconf 82' lang='lat' dir='ltr'><strong>sententiam,</strong></span> <span class='ocrx_word' id='word_1_18' title='bbox 1297 355 1424 406; x_wconf 87' lang='lat' dir='ltr'>relego</span> <span class='ocrx_word' id='word_1_19' title='bbox 1450 355 1565 406; x_wconf 75' lang='lat' dir='ltr'>leges,</span> 
     </span>
     <span class='ocr_line' id='line_1_5' title="bbox 155 412 1566 466; baseline 0 -12"><span class='ocrx_word' id='word_1_20' title='bbox 155 414 328 464; x_wconf 87' lang='lat' dir='ltr'>pondero</span> <span class='ocrx_word' id='word_1_21' title='bbox 354 413 505 466; x_wconf 82' lang='lat' dir='ltr'>singula</span> <span class='ocrx_word' id='word_1_22' title='bbox 522 412 655 460; x_wconf 84' lang='lat' dir='ltr'>uerba,</span> <span class='ocrx_word' id='word_1_23' title='bbox 683 412 841 452; x_wconf 73' lang='lat' dir='ltr'><strong>sillabas</strong></span> <span class='ocrx_word' id='word_1_24' title='bbox 859 412 1018 460; x_wconf 86' lang='lat' dir='ltr'>trutino,</span> <span class='ocrx_word' id='word_1_25' title='bbox 1047 425 1118 452; x_wconf 90' lang='lat' dir='ltr'>nec</span> <span class='ocrx_word' id='word_1_26' title='bbox 1137 418 1267 453; x_wconf 81' lang='lat' dir='ltr'>tamen</span> <span class='ocrx_word' id='word_1_27' title='bbox 1287 413 1444 454; x_wconf 90' lang='lat' dir='ltr'>inuenio</span> <span class='ocrx_word' id='word_1_28' title='bbox 1463 415 1566 465; x_wconf 90' lang='lat' dir='ltr'>quod</span> 
     </span>
     <span class='ocr_line' id='line_1_6' title="bbox 154 471 1567 525; baseline 0.001 -12"><span class='ocrx_word' id='word_1_29' title='bbox 154 472 395 524; x_wconf 88' lang='lat' dir='ltr'>promittunt.</span> <span class='ocrx_word' id='word_1_30' title='bbox 450 472 551 512; x_wconf 85' lang='lat' dir='ltr'>Hinc</span> <span class='ocrx_word' id='word_1_31' title='bbox 578 471 657 511; x_wconf 89' lang='lat' dir='ltr'>iam</span> <span class='ocrx_word' id='word_1_32' title='bbox 694 471 766 523; x_wconf 88' lang='lat' dir='ltr'>ipsi</span> <span class='ocrx_word' id='word_1_33' title='bbox 802 484 911 522; x_wconf 84' lang='lat' dir='ltr'>reges</span> <span class='ocrx_word' id='word_1_34' title='bbox 938 484 984 511; x_wconf 84' lang='lat' dir='ltr'>ac</span> <span class='ocrx_word' id='word_1_35' title='bbox 1011 472 1203 523; x_wconf 85' lang='lat' dir='ltr'>principes</span> <span class='ocrx_word' id='word_1_36' title='bbox 1239 472 1398 524; x_wconf 85' lang='lat' dir='ltr'>ipsaque</span> <span class='ocrx_word' id='word_1_37' title='bbox 1433 474 1567 525; x_wconf 80' lang='lat' dir='ltr'>regina</span> 
     </span>
     <span class='ocr_line' id='line_1_7' title="bbox 154 530 1640 582; baseline 0 -10"><span class='ocrx_word' id='word_1_38' title='bbox 154 532 292 572; x_wconf 88' lang='lat' dir='ltr'>merito</span> <span class='ocrx_word' id='word_1_39' title='bbox 310 536 444 572; x_wconf 73' lang='lat' dir='ltr'>contra</span> <span class='ocrx_word' id='word_1_40' title='bbox 461 544 526 572; x_wconf 87' lang='lat' dir='ltr'>me</span> <span class='ocrx_word' id='word_1_41' title='bbox 543 530 811 582; x_wconf 78' lang='lat' dir='ltr'>indignantur:</span> <span class='ocrx_word' id='word_1_42' title='bbox 841 530 894 570; x_wconf 91' lang='lat' dir='ltr'>hii</span> <span class='ocrx_word' id='word_1_43' title='bbox 914 531 1017 581; x_wconf 91' lang='lat' dir='ltr'>quod</span> <span class='ocrx_word' id='word_1_44' title='bbox 1035 543 1169 570; x_wconf 90' lang='lat' dir='ltr'>eorum</span> <span class='ocrx_word' id='word_1_45' title='bbox 1189 531 1379 571; x_wconf 76' lang='lat' dir='ltr'>sententie</span> <span class='ocrx_word' id='word_1_46' title='bbox 1406 532 1567 573; x_wconf 91' lang='lat' dir='ltr'>minime</span> <span class='ocrx_word' id='word_1_47' title='bbox 1611 533 1640 572; x_wconf 86' lang='lat'>5</span> 
     </span>
     <span class='ocr_line' id='line_1_8' title="bbox 153 589 1565 640; baseline 0.001 -9"><span class='ocrx_word' id='word_1_48' title='bbox 153 591 309 631; x_wconf 84' lang='lat' dir='ltr'>credere</span> <span class='ocrx_word' id='word_1_49' title='bbox 343 590 488 638; x_wconf 84' lang='lat' dir='ltr'>uidear,</span> <span class='ocrx_word' id='word_1_50' title='bbox 528 589 593 630; x_wconf 86' lang='lat' dir='ltr'>illa</span> <span class='ocrx_word' id='word_1_51' title='bbox 632 590 737 640; x_wconf 89' lang='lat' dir='ltr'>quod</span> <span class='ocrx_word' id='word_1_52' title='bbox 777 602 890 629; x_wconf 74' lang='lat' dir='ltr'>suam</span> <span class='ocrx_word' id='word_1_53' title='bbox 926 589 1106 629; x_wconf 89' lang='lat' dir='ltr'>iniuriam</span> <span class='ocrx_word' id='word_1_54' title='bbox 1147 590 1319 630; x_wconf 78' lang='lat' dir='ltr'>differam</span> <span class='ocrx_word' id='word_1_55' title='bbox 1357 590 1565 632; x_wconf 83' lang='lat' dir='ltr'>uindicare.</span> 
     </span>
     <span class='ocr_line' id='line_1_9' title="bbox 154 648 1567 701; baseline 0 -11"><span class='ocrx_word' id='word_1_56' title='bbox 154 650 266 690; x_wconf 86' lang='lat' dir='ltr'>Vnde</span> <span class='ocrx_word' id='word_1_57' title='bbox 299 648 438 697; x_wconf 86' lang='lat' dir='ltr'>mollis,</span> <span class='ocrx_word' id='word_1_58' title='bbox 474 648 743 700; x_wconf 69' lang='lat' dir='ltr'>pusillanimis,</span> <span class='ocrx_word' id='word_1_59' title='bbox 782 648 933 700; x_wconf 88' lang='lat' dir='ltr'>tepidus</span> <span class='ocrx_word' id='word_1_60' title='bbox 973 649 1155 700; x_wconf 89' lang='lat' dir='ltr'>regioque</span> <span class='ocrx_word' id='word_1_61' title='bbox 1195 649 1377 701; x_wconf 86' lang='lat' dir='ltr'>indignus</span> <span class='ocrx_word' id='word_1_62' title='bbox 1417 651 1567 690; x_wconf 86' lang='lat' dir='ltr'>honore</span> 
     </span>
     <span class='ocr_line' id='line_1_10' title="bbox 154 707 1568 760; baseline 0 -11"><span class='ocrx_word' id='word_1_63' title='bbox 154 722 282 749; x_wconf 90' lang='lat' dir='ltr'>uocor.</span> <span class='ocrx_word' id='word_1_64' title='bbox 336 709 389 749; x_wconf 81' lang='lat' dir='ltr'>At</span> <span class='ocrx_word' id='word_1_65' title='bbox 415 707 587 760; x_wconf 79' lang='lat' dir='ltr'>sapiens:</span> <span class='ocrx_word' id='word_1_66' title='bbox 615 707 740 756; x_wconf 81' lang='lat' dir='ltr'>Certe,</span> <span class='ocrx_word' id='word_1_67' title='bbox 768 707 905 759; x_wconf 84' lang='lat' dir='ltr'>inquit,</span> <span class='ocrx_word' id='word_1_68' title='bbox 947 721 1036 748; x_wconf 91' lang='lat' dir='ltr'>cum</span> <span class='ocrx_word' id='word_1_69' title='bbox 1064 708 1252 749; x_wconf 86' lang='lat' dir='ltr'>hactenus</span> <span class='ocrx_word' id='word_1_70' title='bbox 1280 722 1303 748; x_wconf 88' lang='lat' dir='ltr'>a</span> <span class='ocrx_word' id='word_1_71' title='bbox 1331 709 1437 749; x_wconf 90' lang='lat' dir='ltr'>nullo</span> <span class='ocrx_word' id='word_1_72' title='bbox 1463 709 1568 760; x_wconf 87' lang='lat' dir='ltr'>prin-</span> 
     </span>
     <span class='ocr_line' id='line_1_11' title="bbox 152 767 1567 821; baseline 0.001 -13"><span class='ocrx_word' id='word_1_73' title='bbox 152 769 282 821; x_wconf 87' lang='lat' dir='ltr'>cipum</span> <span class='ocrx_word' id='word_1_74' title='bbox 307 781 396 808; x_wconf 54' lang='grc' dir='ltr'>ωσι</span> <span class='ocrx_word' id='word_1_75' title='bbox 422 767 554 819; x_wconf 90' lang='lat' dir='ltr'>petitio</span> <span class='ocrx_word' id='word_1_76' title='bbox 578 767 713 807; x_wconf 79' lang='lat' dir='ltr'>effectu</span> <span class='ocrx_word' id='word_1_77' title='bbox 742 767 892 819; x_wconf 87' lang='lat' dir='ltr'>priuata</span> <span class='ocrx_word' id='word_1_78' title='bbox 918 767 980 815; x_wconf 83' lang='lat' dir='ltr'>sit,</span> <span class='ocrx_word' id='word_1_79' title='bbox 1009 781 1192 819; x_wconf 84' lang='lat' dir='ltr'>magnam</span> <span class='ocrx_word' id='word_1_80' title='bbox 1220 773 1258 807; x_wconf 88' lang='lat' dir='ltr'>et</span> <span class='ocrx_word' id='word_1_81' title='bbox 1284 768 1567 819; x_wconf 76' lang='lat' dir='ltr'>importabilem</span> 
     </span>
     <span class='ocr_line' id='line_1_12' title="bbox 152 826 1642 879; baseline 0 -11"><span class='ocrx_word' id='word_1_82' title='bbox 152 828 271 868; x_wconf 88' lang='lat' dir='ltr'>michi</span> <span class='ocrx_word' id='word_1_83' title='bbox 297 827 433 867; x_wconf 76' lang='lat' dir='ltr'>seceris</span> <span class='ocrx_word' id='word_1_84' title='bbox 466 826 661 875; x_wconf 88' lang='lat' dir='ltr'>iniuriam,</span> <span class='ocrx_word' id='word_1_85' title='bbox 698 827 732 867; x_wconf 90' lang='lat' dir='ltr'>si</span> <span class='ocrx_word' id='word_1_86' title='bbox 759 827 877 867; x_wconf 90' lang='lat' dir='ltr'>michi</span> <span class='ocrx_word' id='word_1_87' title='bbox 914 840 1033 879; x_wconf 80' lang='lat' dir='ltr'>negas</span> <span class='ocrx_word' id='word_1_88' title='bbox 1071 828 1172 878; x_wconf 92' lang='lat' dir='ltr'>quod</span> <span class='ocrx_word' id='word_1_89' title='bbox 1208 827 1292 867; x_wconf 86' lang='lat' dir='ltr'>aliis</span> <span class='ocrx_word' id='word_1_90' title='bbox 1330 828 1566 868; x_wconf 86' lang='lat' dir='ltr'>concessisti.</span> <span class='ocrx_word' id='word_1_91' title='bbox 1590 828 1642 867; x_wconf 87' lang='lat'>10</span> 
     </span>
     <span class='ocr_line' id='line_1_13' title="bbox 153 886 1568 938; baseline 0.001 -11"><span class='ocrx_word' id='word_1_92' title='bbox 153 887 239 927; x_wconf 88' lang='lat' dir='ltr'>Hoc</span> <span class='ocrx_word' id='word_1_93' title='bbox 255 892 384 927; x_wconf 83' lang='lat' dir='ltr'>autem</span> <span class='ocrx_word' id='word_1_94' title='bbox 403 886 534 926; x_wconf 84' lang='lat' dir='ltr'>audito</span> <span class='ocrx_word' id='word_1_95' title='bbox 552 899 638 926; x_wconf 81' lang='lat' dir='ltr'>rex:</span> <span class='ocrx_word' id='word_1_96' title='bbox 667 886 739 935; x_wconf 83' lang='lat' dir='ltr'>En,</span> <span class='ocrx_word' id='word_1_97' title='bbox 767 886 833 934; x_wconf 85' lang='lat' dir='ltr'>ait,</span> <span class='ocrx_word' id='word_1_98' title='bbox 862 886 1043 937; x_wconf 86' lang='lat' dir='ltr'>quicquid</span> <span class='ocrx_word' id='word_1_99' title='bbox 1061 887 1270 938; x_wconf 73' lang='lat' dir='ltr'>contingat,</span> <span class='ocrx_word' id='word_1_100' title='bbox 1300 887 1437 927; x_wconf 78' lang='lat' dir='ltr'>faciam</span> <span class='ocrx_word' id='word_1_101' title='bbox 1464 889 1568 938; x_wconf 92' lang='lat' dir='ltr'>quod</span> 
     </span>
     <span class='ocr_line' id='line_1_14' title="bbox 152 945 1568 998; baseline 0 -11"><span class='ocrx_word' id='word_1_102' title='bbox 152 945 307 998; x_wconf 73' lang='lat' dir='ltr'>rog-sti.</span> <span class='ocrx_word' id='word_1_103' title='bbox 361 945 577 998; x_wconf 64' lang='lat' dir='ltr'>Regressus</span> <span class='ocrx_word' id='word_1_104' title='bbox 604 951 664 986; x_wconf 67' lang='lat' dir='ltr'>eet</span> <span class='ocrx_word' id='word_1_105' title='bbox 690 959 782 997; x_wconf 83' lang='lat' dir='ltr'>ergo</span> <span class='ocrx_word' id='word_1_106' title='bbox 810 959 899 985; x_wconf 89' lang='lat' dir='ltr'>cum</span> <span class='ocrx_word' id='word_1_107' title='bbox 928 946 1010 986; x_wconf 90' lang='lat' dir='ltr'>suis</span> <span class='ocrx_word' id='word_1_108' title='bbox 1038 947 1086 986; x_wconf 88' lang='lat' dir='ltr'>ad</span> <span class='ocrx_word' id='word_1_109' title='bbox 1115 946 1311 997; x_wconf 87' lang='lat' dir='ltr'>palatium,</span> <span class='ocrx_word' id='word_1_110' title='bbox 1348 952 1385 986; x_wconf 90' lang='lat' dir='ltr'>et</span> <span class='ocrx_word' id='word_1_111' title='bbox 1412 947 1568 998; x_wconf 85' lang='lat' dir='ltr'>sapiens</span> 
     </span>
     <span class='ocr_line' id='line_1_15' title="bbox 150 1005 890 1057; baseline 0 -12"><span class='ocrx_word' id='word_1_112' title='bbox 150 1005 288 1046; x_wconf 86' lang='lat' dir='ltr'>itinere</span> <span class='ocrx_word' id='word_1_113' title='bbox 313 1018 391 1056; x_wconf 92' lang='lat' dir='ltr'>quo</span> <span class='ocrx_word' id='word_1_114' title='bbox 419 1010 570 1057; x_wconf 84' lang='lat' dir='ltr'>ceperat</span> <span class='ocrx_word' id='word_1_115' title='bbox 597 1005 791 1057; x_wconf 80' lang='lat' dir='ltr'>profectus</span> <span class='ocrx_word' id='word_1_116' title='bbox 819 1010 890 1045; x_wconf 89' lang='lat' dir='ltr'>est.</span> 
     </span>
     <span class='ocr_line' id='line_1_16' title="bbox 151 1063 1566 1153; baseline 0 -49"><span class='ocrx_word' id='word_1_117' title='bbox 151 1063 240 1153; x_wconf 81' lang='lat' dir='ltr'>Ex</span> <span class='ocrx_word' id='word_1_118' title='bbox 267 1064 342 1104; x_wconf 93' lang='lat' dir='ltr'>hoc</span> <span class='ocrx_word' id='word_1_119' title='bbox 369 1065 446 1104; x_wconf 88' lang='lat' dir='ltr'>iam</span> <span class='ocrx_word' id='word_1_120' title='bbox 475 1078 584 1116; x_wconf 62' lang='lat' dir='ltr'>reges</span> <span class='ocrx_word' id='word_1_121' title='bbox 611 1070 650 1104; x_wconf 89' lang='lat' dir='ltr'>et</span> <span class='ocrx_word' id='word_1_122' title='bbox 676 1063 870 1116; x_wconf 90' lang='lat' dir='ltr'>principes</span> <span class='ocrx_word' id='word_1_123' title='bbox 889 1064 1052 1104; x_wconf 86' lang='lat' dir='ltr'>moleste</span> <span class='ocrx_word' id='word_1_124' title='bbox 1080 1064 1246 1104; x_wconf 76' lang='lat' dir='ltr'>ferentes</span> <span class='ocrx_word' id='word_1_125' title='bbox 1274 1077 1317 1104; x_wconf 89' lang='lat' dir='ltr'>se</span> <span class='ocrx_word' id='word_1_126' title='bbox 1334 1070 1414 1104; x_wconf 82' lang='lat' dir='ltr'>tam</span> <span class='ocrx_word' id='word_1_127' title='bbox 1442 1065 1507 1104; x_wconf 91' lang='lat' dir='ltr'>diu</span> <span class='ocrx_word' id='word_1_128' title='bbox 1525 1065 1566 1105; x_wconf 88' lang='lat' dir='ltr'>in</span> 
     </span>
     <span class='ocr_line' id='line_1_17' title="bbox 240 1123 1640 1175; baseline 0 -11"><span class='ocrx_word' id='word_1_129' title='bbox 240 1123 347 1164; x_wconf 77' lang='lat' dir='ltr'>curia</span> <span class='ocrx_word' id='word_1_130' title='bbox 364 1124 526 1164; x_wconf 85' lang='lat' dir='ltr'>detineri</span> <span class='ocrx_word' id='word_1_131' title='bbox 544 1137 676 1175; x_wconf 87' lang='lat' dir='ltr'>regem</span> <span class='ocrx_word' id='word_1_132' title='bbox 703 1124 848 1163; x_wconf 84' lang='lat' dir='ltr'>adeunt</span> <span class='ocrx_word' id='word_1_133' title='bbox 873 1124 1069 1175; x_wconf 90' lang='lat' dir='ltr'>ipsiusque</span> <span class='ocrx_word' id='word_1_134' title='bbox 1089 1124 1252 1175; x_wconf 87' lang='lat' dir='ltr'>pedibus</span> <span class='ocrx_word' id='word_1_135' title='bbox 1271 1125 1567 1175; x_wconf 90' lang='lat' dir='ltr'>prouoluuntur,</span> <span class='ocrx_word' id='word_1_136' title='bbox 1590 1126 1640 1164; x_wconf 85' lang='lat'>15</span> 
     </span>
     <span class='ocr_line' id='line_1_18' title="bbox 150 1183 1569 1235; baseline 0.001 -12"><span class='ocrx_word' id='word_1_137' title='bbox 150 1188 332 1235; x_wconf 67' lang='lat' dir='ltr'>rogantes</span> <span class='ocrx_word' id='word_1_138' title='bbox 344 1189 382 1223; x_wconf 92' lang='lat' dir='ltr'>et</span> <span class='ocrx_word' id='word_1_139' title='bbox 401 1184 650 1224; x_wconf 85' lang='lat' dir='ltr'>obsecrantes</span> <span class='ocrx_word' id='word_1_140' title='bbox 664 1183 846 1234; x_wconf 77' lang='lat' dir='ltr'>quatinus</span> <span class='ocrx_word' id='word_1_141' title='bbox 865 1184 939 1223; x_wconf 89' lang='lat' dir='ltr'>sibi</span> <span class='ocrx_word' id='word_1_142' title='bbox 958 1183 1112 1223; x_wconf 89' lang='lat' dir='ltr'>licentia</span> <span class='ocrx_word' id='word_1_143' title='bbox 1130 1184 1179 1223; x_wconf 90' lang='lat' dir='ltr'>ad</span> <span class='ocrx_word' id='word_1_144' title='bbox 1198 1183 1353 1235; x_wconf 88' lang='lat' dir='ltr'>propria</span> <span class='ocrx_word' id='word_1_145' title='bbox 1371 1185 1569 1224; x_wconf 88' lang='lat' dir='ltr'>remeandi</span> 
     </span>
     <span class='ocr_line' id='line_1_19' title="bbox 149 1242 1569 1294; baseline 0 -11"><span class='ocrx_word' id='word_1_146' title='bbox 149 1255 337 1283; x_wconf 62' lang='lat' dir='ltr'>concessa</span> <span class='ocrx_word' id='word_1_147' title='bbox 355 1242 432 1283; x_wconf 91' lang='lat' dir='ltr'>filio</span> <span class='ocrx_word' id='word_1_148' title='bbox 451 1243 571 1283; x_wconf 86' lang='lat' dir='ltr'>uitam</span> <span class='ocrx_word' id='word_1_149' title='bbox 590 1244 753 1283; x_wconf 84' lang='lat' dir='ltr'>donaret</span> <span class='ocrx_word' id='word_1_150' title='bbox 766 1243 961 1293; x_wconf 90' lang='lat' dir='ltr'>nichilque</span> <span class='ocrx_word' id='word_1_151' title='bbox 979 1243 1028 1282; x_wconf 90' lang='lat' dir='ltr'>de</span> <span class='ocrx_word' id='word_1_152' title='bbox 1047 1242 1152 1294; x_wconf 86' lang='lat' dir='ltr'>regia</span> <span class='ocrx_word' id='word_1_153' title='bbox 1171 1243 1356 1283; x_wconf 89' lang='lat' dir='ltr'>seruitute</span> <span class='ocrx_word' id='word_1_154' title='bbox 1375 1244 1437 1283; x_wconf 92' lang='lat' dir='ltr'>uel</span> <span class='ocrx_word' id='word_1_155' title='bbox 1449 1244 1569 1294; x_wconf 86' lang='lat' dir='ltr'>gloria</span> 
     </span>
     <span class='ocr_line' id='line_1_20' title="bbox 149 1301 1569 1354; baseline 0 -12"><span class='ocrx_word' id='word_1_156' title='bbox 149 1301 274 1342; x_wconf 89' lang='lat' dir='ltr'>minui</span> <span class='ocrx_word' id='word_1_157' title='bbox 296 1302 456 1350; x_wconf 77' lang='lat' dir='ltr'>aientes,</span> <span class='ocrx_word' id='word_1_158' title='bbox 484 1302 516 1342; x_wconf 93' lang='lat' dir='ltr'>si</span> <span class='ocrx_word' id='word_1_159' title='bbox 531 1302 673 1353; x_wconf 80' lang='lat' dir='ltr'>aliquid</span> <span class='ocrx_word' id='word_1_160' title='bbox 692 1303 741 1342; x_wconf 88' lang='lat' dir='ltr'>de</span> <span class='ocrx_word' id='word_1_161' title='bbox 758 1302 922 1354; x_wconf 85' lang='lat' dir='ltr'>legibus,</span> <span class='ocrx_word' id='word_1_162' title='bbox 950 1315 1040 1342; x_wconf 89' lang='lat' dir='ltr'>cum</span> <span class='ocrx_word' id='word_1_163' title='bbox 1062 1315 1143 1342; x_wconf 89' lang='lat' dir='ltr'>non</span> <span class='ocrx_word' id='word_1_164' title='bbox 1162 1302 1293 1342; x_wconf 90' lang='lat' dir='ltr'>diuine</span> <span class='ocrx_word' id='word_1_165' title='bbox 1311 1303 1378 1342; x_wconf 88' lang='lat' dir='ltr'>sed</span> <span class='ocrx_word' id='word_1_166' title='bbox 1398 1303 1569 1343; x_wconf 88' lang='lat' dir='ltr'>humane</span> 
     </span>
     <span class='ocr_line' id='line_1_21' title="bbox 150 1361 1571 1413; baseline 0.001 -12"><span class='ocrx_word' id='word_1_167' title='bbox 150 1361 241 1409; x_wconf 90' lang='lat' dir='ltr'>sint,</span> <span class='ocrx_word' id='word_1_168' title='bbox 282 1361 544 1402; x_wconf 85' lang='lat' dir='ltr'>misericordie</span> <span class='ocrx_word' id='word_1_169' title='bbox 574 1362 636 1402; x_wconf 91' lang='lat' dir='ltr'>uel</span> <span class='ocrx_word' id='word_1_170' title='bbox 672 1361 875 1402; x_wconf 89' lang='lat' dir='ltr'>clementie</span> <span class='ocrx_word' id='word_1_171' title='bbox 911 1361 1054 1401; x_wconf 83' lang='lat' dir='ltr'>intuitu</span> <span class='ocrx_word' id='word_1_172' title='bbox 1095 1361 1347 1413; x_wconf 87' lang='lat' dir='ltr'>dispensaret.</span> <span class='ocrx_word' id='word_1_173' title='bbox 1403 1363 1571 1402; x_wconf 87' lang='lat' dir='ltr'>Econtra</span> 
     </span>
     <span class='ocr_line' id='line_1_22' title="bbox 149 1420 1643 1473; baseline 0 -12"><span class='ocrx_word' id='word_1_174' title='bbox 149 1425 280 1461; x_wconf 79' lang='lat' dir='ltr'>autem</span> <span class='ocrx_word' id='word_1_175' title='bbox 317 1421 450 1472; x_wconf 86' lang='lat' dir='ltr'>regina</span> <span class='ocrx_word' id='word_1_176' title='bbox 485 1420 621 1473; x_wconf 86' lang='lat' dir='ltr'>tigride</span> <span class='ocrx_word' id='word_1_177' title='bbox 657 1420 786 1461; x_wconf 88' lang='lat' dir='ltr'>seuior</span> <span class='ocrx_word' id='word_1_178' title='bbox 820 1434 867 1461; x_wconf 84' lang='lat' dir='ltr'>ac</span> <span class='ocrx_word' id='word_1_179' title='bbox 902 1421 1030 1472; x_wconf 89' lang='lat' dir='ltr'>puelle</span> <span class='ocrx_word' id='word_1_180' title='bbox 1067 1434 1137 1460; x_wconf 89' lang='lat' dir='ltr'>sue</span> <span class='ocrx_word' id='word_1_181' title='bbox 1165 1421 1385 1473; x_wconf 89' lang='lat' dir='ltr'>uiperarum</span> <span class='ocrx_word' id='word_1_182' title='bbox 1422 1421 1569 1461; x_wconf 89' lang='lat' dir='ltr'>imbute</span> <span class='ocrx_word' id='word_1_183' title='bbox 1587 1422 1643 1461; x_wconf 78' lang='lat'>20</span> 
     </span>
     <span class='ocr_line' id='line_1_23' title="bbox 150 1477 1567 1532; baseline 0 -12"><span class='ocrx_word' id='word_1_184' title='bbox 150 1480 314 1520; x_wconf 89' lang='lat' dir='ltr'>uenenis</span> <span class='ocrx_word' id='word_1_185' title='bbox 333 1480 466 1531; x_wconf 81' lang='lat' dir='ltr'>iniqua</span> <span class='ocrx_word' id='word_1_186' title='bbox 483 1477 915 1532; x_wconf 82' lang='lat' dir='ltr'>consilia·peruersaque</span> <span class='ocrx_word' id='word_1_187' title='bbox 934 1480 1075 1520; x_wconf 89' lang='lat' dir='ltr'>iudicia</span> <span class='ocrx_word' id='word_1_188' title='bbox 1094 1480 1368 1527; x_wconf 85' lang='lat' dir='ltr'>inclamabant,</span> <span class='ocrx_word' id='word_1_189' title='bbox 1382 1480 1567 1520; x_wconf 88' lang='lat' dir='ltr'>iniustum</span> 
     </span>
     <span class='ocr_line' id='line_1_24' title="bbox 150 1540 1569 1592; baseline 0 -12"><span class='ocrx_word' id='word_1_190' title='bbox 150 1552 294 1591; x_wconf 76' lang='lat' dir='ltr'>regem,</span> <span class='ocrx_word' id='word_1_191' title='bbox 321 1540 512 1592; x_wconf 65' lang='lat' dir='ltr'>principes</span> <span class='ocrx_word' id='word_1_192' title='bbox 530 1540 703 1581; x_wconf 92' lang='lat' dir='ltr'>infideles</span> <span class='ocrx_word' id='word_1_193' title='bbox 726 1545 1005 1592; x_wconf 87' lang='lat' dir='ltr'>corruptosque</span> <span class='ocrx_word' id='word_1_194' title='bbox 1022 1540 1253 1580; x_wconf 91' lang='lat' dir='ltr'>muneribus</span> <span class='ocrx_word' id='word_1_195' title='bbox 1271 1553 1358 1580; x_wconf 88' lang='lat' dir='ltr'>esse</span> <span class='ocrx_word' id='word_1_196' title='bbox 1385 1540 1569 1585; x_wconf 66' lang='lat' dir='ltr'>dicentes,</span> 
     </span>
     <span class='ocr_line' id='line_1_25' title="bbox 151 1598 1570 1651; baseline 0 -12"><span class='ocrx_word' id='word_1_197' title='bbox 151 1598 216 1650; x_wconf 92' lang='lat' dir='ltr'>qui</span> <span class='ocrx_word' id='word_1_198' title='bbox 233 1604 272 1639; x_wconf 88' lang='lat' dir='ltr'>et</span> <span class='ocrx_word' id='word_1_199' title='bbox 289 1604 404 1640; x_wconf 75' lang='lat' dir='ltr'>antea</span> <span class='ocrx_word' id='word_1_200' title='bbox 421 1599 562 1640; x_wconf 88' lang='lat' dir='ltr'>iustam</span> <span class='ocrx_word' id='word_1_201' title='bbox 581 1600 814 1640; x_wconf 89' lang='lat' dir='ltr'>sententiam</span> <span class='ocrx_word' id='word_1_202' title='bbox 831 1599 871 1639; x_wconf 91' lang='lat' dir='ltr'>in</span> <span class='ocrx_word' id='word_1_203' title='bbox 893 1599 1099 1639; x_wconf 88' lang='lat' dir='ltr'>scelestum</span> <span class='ocrx_word' id='word_1_204' title='bbox 1118 1599 1302 1639; x_wconf 87' lang='lat' dir='ltr'>iuuenem</span> <span class='ocrx_word' id='word_1_205' title='bbox 1321 1600 1570 1651; x_wconf 87' lang='lat' dir='ltr'>protulissent</span> 
     </span>
     <span class='ocr_line' id='line_1_26' title="bbox 150 1659 1569 1710; baseline 0 -12"><span class='ocrx_word' id='word_1_206' title='bbox 150 1664 189 1698; x_wconf 89' lang='lat' dir='ltr'>et</span> <span class='ocrx_word' id='word_1_207' title='bbox 202 1659 319 1699; x_wconf 90' lang='lat' dir='ltr'>modo</span> <span class='ocrx_word' id='word_1_208' title='bbox 333 1672 357 1699; x_wconf 88' lang='lat' dir='ltr'>a</span> <span class='ocrx_word' id='word_1_209' title='bbox 367 1659 606 1699; x_wconf 82' lang='lat' dir='ltr'>rectitudinis</span> <span class='ocrx_word' id='word_1_210' title='bbox 623 1659 745 1700; x_wconf 88' lang='lat' dir='ltr'>limite</span> <span class='ocrx_word' id='word_1_211' title='bbox 759 1660 983 1699; x_wconf 86' lang='lat' dir='ltr'>recedentes</span> <span class='ocrx_word' id='word_1_212' title='bbox 997 1659 1200 1699; x_wconf 84' lang='lat' dir='ltr'>absoluere</span> <span class='ocrx_word' id='word_1_213' title='bbox 1218 1659 1435 1699; x_wconf 85' lang='lat' dir='ltr'>niterentur</span> <span class='ocrx_word' id='word_1_214' title='bbox 1453 1672 1569 1710; x_wconf 89' lang='lat' dir='ltr'>quem</span> 
     </span>
     <span class='ocr_line' id='line_1_27' title="bbox 149 1717 1641 1770; baseline -0.001 -12"><span class='ocrx_word' id='word_1_215' title='bbox 149 1723 266 1758; x_wconf 73' lang='lat' dir='ltr'>antee</span> <span class='ocrx_word' id='word_1_216' title='bbox 290 1717 621 1770; x_wconf 83' lang='lat' dir='ltr'>dampmmissent.</span> <span class='ocrx_word' id='word_1_217' title='bbox 667 1719 751 1759; x_wconf 88' lang='lat' dir='ltr'>Hec</span> <span class='ocrx_word' id='word_1_218' title='bbox 778 1732 847 1759; x_wconf 83' lang='lat' dir='ltr'>rex</span> <span class='ocrx_word' id='word_1_219' title='bbox 874 1718 1112 1770; x_wconf 85' lang='lat' dir='ltr'>Dolopathos</span> <span class='ocrx_word' id='word_1_220' title='bbox 1140 1718 1320 1758; x_wconf 88' lang='lat' dir='ltr'>conuicia</span> <span class='ocrx_word' id='word_1_221' title='bbox 1338 1719 1480 1758; x_wconf 87' lang='lat' dir='ltr'>diutius</span> <span class='ocrx_word' id='word_1_222' title='bbox 1499 1719 1568 1758; x_wconf 84' lang='lat' dir='ltr'>fer·</span> <span class='ocrx_word' id='word_1_223' title='bbox 1587 1719 1641 1757; x_wconf 74' lang='lat'>25</span> 
     </span>
     <span class='ocr_line' id='line_1_28' title="bbox 150 1777 1570 1830; baseline 0.001 -13"><span class='ocrx_word' id='word_1_224' title='bbox 150 1790 193 1816; x_wconf 89' lang='lat' dir='ltr'>re</span> <span class='ocrx_word' id='word_1_225' title='bbox 205 1790 285 1818; x_wconf 90' lang='lat' dir='ltr'>non</span> <span class='ocrx_word' id='word_1_226' title='bbox 305 1777 443 1818; x_wconf 83' lang='lat' dir='ltr'>ualens</span> <span class='ocrx_word' id='word_1_227' title='bbox 454 1779 549 1818; x_wconf 91' lang='lat' dir='ltr'>deos</span> <span class='ocrx_word' id='word_1_228' title='bbox 563 1791 656 1818; x_wconf 88' lang='lat' dir='ltr'>suos</span> <span class='ocrx_word' id='word_1_229' title='bbox 674 1783 837 1819; x_wconf 64' lang='lat' dir='ltr'>testatus</span> <span class='ocrx_word' id='word_1_230' title='bbox 856 1783 915 1818; x_wconf 91' lang='lat' dir='ltr'>est</span> <span class='ocrx_word' id='word_1_231' title='bbox 933 1779 1037 1829; x_wconf 91' lang='lat' dir='ltr'>quod</span> <span class='ocrx_word' id='word_1_232' title='bbox 1052 1778 1136 1830; x_wconf 86' lang='lat' dir='ltr'>ipsa</span> <span class='ocrx_word' id='word_1_233' title='bbox 1148 1778 1209 1818; x_wconf 90' lang='lat' dir='ltr'>die</span> <span class='ocrx_word' id='word_1_234' title='bbox 1224 1784 1263 1818; x_wconf 91' lang='lat' dir='ltr'>et</span> <span class='ocrx_word' id='word_1_235' title='bbox 1281 1778 1570 1818; x_wconf 83' lang='lat' dir='ltr'>contumeliosis</span> 
     </span>
     <span class='ocr_line' id='line_1_29' title="bbox 148 1836 1569 1889; baseline 0.001 -13"><span class='ocrx_word' id='word_1_236' title='bbox 148 1836 280 1876; x_wconf 88' lang='lat' dir='ltr'>uerbis</span> <span class='ocrx_word' id='word_1_237' title='bbox 306 1842 345 1877; x_wconf 89' lang='lat' dir='ltr'>et</span> <span class='ocrx_word' id='word_1_238' title='bbox 370 1837 503 1877; x_wconf 88' lang='lat' dir='ltr'>sceleri</span> <span class='ocrx_word' id='word_1_239' title='bbox 531 1838 651 1878; x_wconf 88' lang='lat' dir='ltr'>finem</span> <span class='ocrx_word' id='word_1_240' title='bbox 677 1838 798 1885; x_wconf 85' lang='lat' dir='ltr'>daret,</span> <span class='ocrx_word' id='word_1_241' title='bbox 826 1837 1015 1888; x_wconf 89' lang='lat' dir='ltr'>iussitque</span> <span class='ocrx_word' id='word_1_242' title='bbox 1035 1837 1215 1889; x_wconf 90' lang='lat' dir='ltr'>preconis</span> <span class='ocrx_word' id='word_1_243' title='bbox 1236 1851 1333 1878; x_wconf 91' lang='lat' dir='ltr'>uoce</span> <span class='ocrx_word' id='word_1_244' title='bbox 1351 1851 1421 1889; x_wconf 86' lang='lat' dir='ltr'>per</span> <span class='ocrx_word' id='word_1_245' title='bbox 1447 1843 1569 1877; x_wconf 81' lang='lat' dir='ltr'>totam</span> 
     </span>
     <span class='ocr_line' id='line_1_30' title="bbox 149 1895 1566 1948; baseline 0.001 -12"><span class='ocrx_word' id='word_1_246' title='bbox 149 1895 307 1936; x_wconf 85' lang='lat' dir='ltr'>clamari</span> <span class='ocrx_word' id='word_1_247' title='bbox 342 1897 535 1937; x_wconf 86' lang='lat' dir='ltr'>ciuitatem</span> <span class='ocrx_word' id='word_1_248' title='bbox 572 1903 615 1937; x_wconf 93' lang='lat' dir='ltr'>ut</span> <span class='ocrx_word' id='word_1_249' title='bbox 650 1911 790 1937; x_wconf 89' lang='lat' dir='ltr'>omnes</span> <span class='ocrx_word' id='word_1_250' title='bbox 831 1911 855 1937; x_wconf 89' lang='lat' dir='ltr'>a</span> <span class='ocrx_word' id='word_1_251' title='bbox 890 1897 1054 1937; x_wconf 88' lang='lat' dir='ltr'>minimo</span> <span class='ocrx_word' id='word_1_252' title='bbox 1090 1910 1214 1948; x_wconf 89' lang='lat' dir='ltr'>usque</span> <span class='ocrx_word' id='word_1_253' title='bbox 1249 1898 1299 1937; x_wconf 87' lang='lat' dir='ltr'>ad</span> <span class='ocrx_word' id='word_1_254' title='bbox 1339 1897 1566 1943; x_wconf 80' lang='lat' dir='ltr'>maximum,</span> 
     </span>
     <span class='ocr_line' id='line_1_31' title="bbox 149 1955 1567 2008; baseline 0.001 -13"><span class='ocrx_word' id='word_1_255' title='bbox 149 1968 260 2007; x_wconf 72' lang='lat' dir='ltr'>reges</span> <span class='ocrx_word' id='word_1_256' title='bbox 286 1960 324 1996; x_wconf 89' lang='lat' dir='ltr'>et</span> <span class='ocrx_word' id='word_1_257' title='bbox 352 1955 557 2008; x_wconf 66' lang='lat' dir='ltr'>principes,</span> <span class='ocrx_word' id='word_1_258' title='bbox 591 1970 728 1997; x_wconf 92' lang='lat' dir='ltr'>seruus</span> <span class='ocrx_word' id='word_1_259' title='bbox 757 1962 795 1996; x_wconf 88' lang='lat' dir='ltr'>et</span> <span class='ocrx_word' id='word_1_260' title='bbox 821 1956 931 2005; x_wconf 86' lang='lat' dir='ltr'>liber,</span> <span class='ocrx_word' id='word_1_261' title='bbox 969 1956 1107 1996; x_wconf 89' lang='lat' dir='ltr'>ancilla</span> <span class='ocrx_word' id='word_1_262' title='bbox 1142 1962 1182 1997; x_wconf 88' lang='lat' dir='ltr'>et</span> <span class='ocrx_word' id='word_1_263' title='bbox 1208 1962 1400 2004; x_wconf 88' lang='lat' dir='ltr'>matrona,</span> <span class='ocrx_word' id='word_1_264' title='bbox 1438 1955 1567 1996; x_wconf 91' lang='lat' dir='ltr'>onusti</span> 
     </span>
     <span class='ocr_line' id='line_1_32' title="bbox 149 2014 1641 2068; baseline -0.001 -14"><span class='ocrx_word' id='word_1_265' title='bbox 149 2026 288 2055; x_wconf 62' lang='lat' dir='ltr'>omnes</span> <span class='ocrx_word' id='word_1_266' title='bbox 314 2014 429 2067; x_wconf 89' lang='lat' dir='ltr'>lignis</span> <span class='ocrx_word' id='word_1_267' title='bbox 456 2017 505 2056; x_wconf 88' lang='lat' dir='ltr'>ad</span> <span class='ocrx_word' id='word_1_268' title='bbox 532 2016 661 2056; x_wconf 86' lang='lat' dir='ltr'>locum</span> <span class='ocrx_word' id='word_1_269' title='bbox 694 2016 870 2068; x_wconf 89' lang='lat' dir='ltr'>supplicii</span> <span class='ocrx_word' id='word_1_270' title='bbox 898 2016 1163 2056; x_wconf 88' lang='lat' dir='ltr'>conuenirent.</span> <span class='ocrx_word' id='word_1_271' title='bbox 1219 2016 1371 2065; x_wconf 88' lang='lat' dir='ltr'>Quibus</span> <span class='ocrx_word' id='word_1_272' title='bbox 1407 2020 1450 2056; x_wconf 91' lang='lat' dir='ltr'>ut</span> <span class='ocrx_word' id='word_1_273' title='bbox 1484 2029 1566 2067; x_wconf 88' lang='lat' dir='ltr'>pre-</span> <span class='ocrx_word' id='word_1_274' title='bbox 1585 2015 1641 2053; x_wconf 87' lang='lat'>30</span> 
     </span>
     <span class='ocr_line' id='line_1_33' title="bbox 150 2074 1567 2127; baseline 0 -13"><span class='ocrx_word' id='word_1_275' title='bbox 150 2078 305 2126; x_wconf 83' lang='lat' dir='ltr'>ceptum</span> <span class='ocrx_word' id='word_1_276' title='bbox 340 2074 465 2115; x_wconf 78' lang='lat' dir='ltr'>fuerat</span> <span class='ocrx_word' id='word_1_277' title='bbox 498 2075 585 2116; x_wconf 91' lang='lat' dir='ltr'>ilico</span> <span class='ocrx_word' id='word_1_278' title='bbox 617 2075 939 2116; x_wconf 85' lang='lat' dir='ltr'>concurrentibus</span> <span class='ocrx_word' id='word_1_279' title='bbox 974 2075 1116 2127; x_wconf 90' lang='lat' dir='ltr'>septies</span> <span class='ocrx_word' id='word_1_280' title='bbox 1152 2075 1265 2116; x_wconf 91' lang='lat' dir='ltr'>solito</span> <span class='ocrx_word' id='word_1_281' title='bbox 1301 2074 1567 2115; x_wconf 88' lang='lat' dir='ltr'>uehementior</span> 
     </span>
     <span class='ocr_line' id='line_1_34' title="bbox 149 2134 1568 2191; baseline 0 -17"><span class='ocrx_word' id='word_1_282' title='bbox 149 2134 372 2174; x_wconf 75' lang='lat' dir='ltr'>accenditur</span> <span class='ocrx_word' id='word_1_283' title='bbox 398 2134 511 2186; x_wconf 85' lang='lat' dir='ltr'>ignis,</span> <span class='ocrx_word' id='word_1_284' title='bbox 538 2134 580 2175; x_wconf 91' lang='lat' dir='ltr'>in</span> <span class='ocrx_word' id='word_1_285' title='bbox 609 2148 725 2191; x_wconf 89' lang='lat' dir='ltr'>quem</span> <span class='ocrx_word' id='word_1_286' title='bbox 753 2149 777 2175; x_wconf 87' lang='lat' dir='ltr'>a</span> <span class='ocrx_word' id='word_1_287' title='bbox 803 2140 911 2187; x_wconf 87' lang='lat' dir='ltr'>patre</span> <span class='ocrx_word' id='word_1_288' title='bbox 946 2135 1100 2175; x_wconf 90' lang='lat' dir='ltr'>iubetur</span> <span class='ocrx_word' id='word_1_289' title='bbox 1127 2135 1229 2175; x_wconf 88' lang='lat' dir='ltr'>filius</span> <span class='ocrx_word' id='word_1_290' title='bbox 1265 2134 1394 2186; x_wconf 86' lang='lat' dir='ltr'>proici.</span> <span class='ocrx_word' id='word_1_291' title='bbox 1450 2134 1568 2174; x_wconf 92' lang='lat' dir='ltr'>Nullo</span> 
     </span>
     <span class='ocr_line' id='line_1_35' title="bbox 150 2193 1567 2247; baseline 0 -14"><span class='ocrx_word' id='word_1_292' title='bbox 150 2197 282 2233; x_wconf 88' lang='lat' dir='ltr'>tamen</span> <span class='ocrx_word' id='word_1_293' title='bbox 309 2193 350 2233; x_wconf 90' lang='lat' dir='ltr'>in</span> <span class='ocrx_word' id='word_1_294' title='bbox 376 2193 486 2234; x_wconf 89' lang='lat' dir='ltr'>illum</span> <span class='ocrx_word' id='word_1_295' title='bbox 511 2208 676 2235; x_wconf 84' lang='lat' dir='ltr'>manum</span> <span class='ocrx_word' id='word_1_296' title='bbox 703 2194 856 2235; x_wconf 89' lang='lat' dir='ltr'>mittere</span> <span class='ocrx_word' id='word_1_297' title='bbox 882 2199 1142 2247; x_wconf 62' lang='lat' dir='ltr'>presumente,</span> <span class='ocrx_word' id='word_1_298' title='bbox 1183 2207 1271 2234; x_wconf 86' lang='lat' dir='ltr'>ecce</span> <span class='ocrx_word' id='word_1_299' title='bbox 1305 2207 1426 2234; x_wconf 85' lang='lat' dir='ltr'>senex</span> <span class='ocrx_word' id='word_1_300' title='bbox 1453 2194 1567 2246; x_wconf 85' lang='lat' dir='ltr'>longe</span> 
     </span>
    </p>
   </div>
   <div class='ocr_carea' id='block_1_4' title="bbox 150 2294 432 2302">
    <p class='ocr_par' dir='ltr' id='par_1_4' title="bbox 150 2294 432 2302">
     <span class='ocr_line' id='line_1_36' title="bbox 150 2294 432 2302; baseline 0 0"><span class='ocrx_word' id='word_1_301' title='bbox 150 2294 432 2302; x_wconf 95' lang='lat' dir='ltr'> </span> 
     </span>
    </p>
   </div>
   <div class='ocr_carea' id='block_1_5' title="bbox 149 2359 1569 2726">
    <p class='ocr_par' dir='ltr' id='par_1_5' title="bbox 149 2359 1569 2726">
     <span class='ocr_line' id='line_1_37' title="bbox 268 2359 1566 2406; baseline -0.001 -11"><span class='ocrx_word' id='word_1_302' title='bbox 268 2359 292 2395; x_wconf 82' lang='lat'>2</span> <span class='ocrx_word' id='word_1_303' title='bbox 326 2370 369 2396; x_wconf 82' lang='lat' dir='ltr'>ac</span> <span class='ocrx_word' id='word_1_304' title='bbox 404 2365 577 2406; x_wconf 75' lang='lat' dir='ltr'>proci-ast.</span> <span class='ocrx_word' id='word_1_305' title='bbox 602 2361 644 2406; x_wconf 84' lang='lat' dir='ltr'>P,</span> <span class='ocrx_word' id='word_1_306' title='bbox 681 2361 716 2397; x_wconf 88' lang='lat' dir='ltr'>d.</span> <span class='ocrx_word' id='word_1_307' title='bbox 745 2361 784 2396; x_wconf 90' lang='lat' dir='ltr'>in</span> <span class='ocrx_word' id='word_1_308' title='bbox 821 2360 1018 2396; x_wconf 82' lang='lat' dir='ltr'>crastinum</span> <span class='ocrx_word' id='word_1_309' title='bbox 1051 2361 1092 2396; x_wconf 97' lang='lat' dir='ltr'>V.</span> <span class='ocrx_word' id='word_1_310' title='bbox 1131 2379 1174 2386; x_wconf 92' lang='lat'>—</span> <span class='ocrx_word' id='word_1_311' title='bbox 1211 2360 1234 2395; x_wconf 88' lang='grc'><strong>3</strong></span> <span class='ocrx_word' id='word_1_312' title='bbox 1268 2359 1427 2396; x_wconf 86' lang='lat' dir='ltr'>scrutino</span> <span class='ocrx_word' id='word_1_313' title='bbox 1456 2360 1495 2395; x_wconf 89' lang='lat'>0.</span> <span class='ocrx_word' id='word_1_314' title='bbox 1521 2379 1566 2385; x_wconf 97' lang='lat'><strong>—</strong></span> 
     </span>
     <span class='ocr_line' id='line_1_38' title="bbox 152 2412 1569 2459; baseline 0.001 -12"><span class='ocrx_word' id='word_1_315' title='bbox 152 2412 198 2448; x_wconf 86' lang='lat'>10</span> <span class='ocrx_word' id='word_1_316' title='bbox 219 2412 358 2449; x_wconf 64' lang='lat' dir='ltr'>facem</span> <span class='ocrx_word' id='word_1_317' title='bbox 380 2413 497 2456; x_wconf 64' lang='lat' dir='ltr'>inLP,</span> <span class='ocrx_word' id='word_1_318' title='bbox 522 2414 617 2450; x_wconf 64' lang='lat' dir='ltr'>feres</span> <span class='ocrx_word' id='word_1_319' title='bbox 640 2414 703 2450; x_wconf 88' lang='lat' dir='ltr'>ini.</span> <span class='ocrx_word' id='word_1_320' title='bbox 720 2414 786 2459; x_wconf 82' lang='lat' dir='ltr'>Op.</span> <span class='ocrx_word' id='word_1_321' title='bbox 821 2433 866 2439; x_wconf 97' lang='lat'>—</span> <span class='ocrx_word' id='word_1_322' title='bbox 903 2414 948 2449; x_wconf 87' lang='lat'>13</span> <span class='ocrx_word' id='word_1_323' title='bbox 979 2414 1049 2449; x_wconf 88' lang='lat' dir='ltr'>iter</span> <span class='ocrx_word' id='word_1_324' title='bbox 1073 2414 1170 2458; x_wconf 87' lang='lat' dir='ltr'>quod</span> <span class='ocrx_word' id='word_1_325' title='bbox 1194 2424 1271 2459; x_wconf 89' lang='lat' dir='ltr'>cep.</span> <span class='ocrx_word' id='word_1_326' title='bbox 1295 2416 1489 2459; x_wconf 83' lang='lat' dir='ltr'>prouectus</span> <span class='ocrx_word' id='word_1_327' title='bbox 1513 2415 1569 2447; x_wconf 61' lang='lat' dir='ltr'>est</span> 
     </span>
     <span class='ocr_line' id='line_1_39' title="bbox 156 2464 1566 2513; baseline -0.001 -12"><span class='ocrx_word' id='word_1_328' title='bbox 156 2465 198 2501; x_wconf 90' lang='lat' dir='ltr'>V.</span> <span class='ocrx_word' id='word_1_329' title='bbox 225 2484 267 2491; x_wconf 97' lang='lat'>—</span> <span class='ocrx_word' id='word_1_330' title='bbox 306 2466 351 2502; x_wconf 81' lang='lat'>16</span> <span class='ocrx_word' id='word_1_331' title='bbox 375 2477 420 2502; x_wconf 83' lang='lat' dir='ltr'>ex</span> <span class='ocrx_word' id='word_1_332' title='bbox 442 2467 499 2503; x_wconf 86' lang='lat' dir='ltr'>lic.</span> <span class='ocrx_word' id='word_1_333' title='bbox 525 2468 629 2513; x_wconf 83' lang='lat' dir='ltr'>PpV.</span> <span class='ocrx_word' id='word_1_334' title='bbox 665 2487 712 2493; x_wconf 92' lang='lat'>—-</span> <span class='ocrx_word' id='word_1_335' title='bbox 751 2468 794 2503; x_wconf 90' lang='lat'>17</span> <span class='ocrx_word' id='word_1_336' title='bbox 819 2468 993 2503; x_wconf 67' lang='lat' dir='ltr'>sermnel</span> <span class='ocrx_word' id='word_1_337' title='bbox 1016 2468 1107 2511; x_wconf 73' lang='lat' dir='ltr'>fehlt</span> <span class='ocrx_word' id='word_1_338' title='bbox 1134 2467 1265 2512; x_wconf 80' lang='lat' dir='ltr'><strong><em>OpPV.</em></strong></span> <span class='ocrx_word' id='word_1_339' title='bbox 1294 2486 1334 2492; x_wconf 96' lang='lat'>-</span> <span class='ocrx_word' id='word_1_340' title='bbox 1374 2467 1418 2502; x_wconf 93' lang='lat'>18</span> <span class='ocrx_word' id='word_1_341' title='bbox 1450 2464 1566 2501; x_wconf 82' lang='lat' dir='ltr'>minui</span> 
     </span>
     <span class='ocr_line' id='line_1_40' title="bbox 149 2519 1565 2565; baseline -0.001 -10"><span class='ocrx_word' id='word_1_342' title='bbox 149 2522 342 2563; x_wconf 60' lang='lat' dir='ltr'>arguentes</span> <span class='ocrx_word' id='word_1_343' title='bbox 356 2519 397 2556; x_wconf 89' lang='grc' dir='ltr'>Ο.</span> <span class='ocrx_word' id='word_1_344' title='bbox 426 2539 467 2546; x_wconf 86' lang='grc'>-</span> <span class='ocrx_word' id='word_1_345' title='bbox 496 2521 541 2556; x_wconf 82' lang='grc'>19</span> <span class='ocrx_word' id='word_1_346' title='bbox 554 2522 634 2557; x_wconf 87' lang='lat' dir='ltr'>mis.</span> <span class='ocrx_word' id='word_1_347' title='bbox 646 2521 707 2557; x_wconf 89' lang='lat' dir='ltr'>uel</span> <span class='ocrx_word' id='word_1_348' title='bbox 719 2521 884 2565; x_wconf 73' lang='lat' dir='ltr'>feMth.</span> <span class='ocrx_word' id='word_1_349' title='bbox 914 2539 954 2546; x_wconf 87' lang='lat'>--</span> <span class='ocrx_word' id='word_1_350' title='bbox 981 2520 1188 2565; x_wconf 77' lang='lat' dir='ltr'>20strigide</span> <span class='ocrx_word' id='word_1_351' title='bbox 1202 2521 1246 2556; x_wconf 90' lang='lat' dir='ltr'>L.</span> <span class='ocrx_word' id='word_1_352' title='bbox 1263 2520 1362 2554; x_wconf 80' lang='lat'>—21</span> <span class='ocrx_word' id='word_1_353' title='bbox 1390 2519 1453 2554; x_wconf 89' lang='lat' dir='ltr'>ini.</span> <span class='ocrx_word' id='word_1_354' title='bbox 1467 2528 1565 2554; x_wconf 81' lang='lat' dir='ltr'>cons,</span> 
     </span>
     <span class='ocr_line' id='line_1_41' title="bbox 150 2571 1568 2620; baseline -0.001 -13"><span class='ocrx_word' id='word_1_355' title='bbox 150 2574 188 2607; x_wconf 82' lang='lat' dir='ltr'>ct</span> <span class='ocrx_word' id='word_1_356' title='bbox 220 2571 356 2608; x_wconf 83' lang='lat' dir='ltr'>iniusta</span> <span class='ocrx_word' id='word_1_357' title='bbox 389 2573 463 2609; x_wconf 89' lang='lat' dir='ltr'>ind.</span> <span class='ocrx_word' id='word_1_358' title='bbox 492 2577 528 2610; x_wconf 89' lang='lat' dir='ltr'>et</span> <span class='ocrx_word' id='word_1_359' title='bbox 563 2585 735 2620; x_wconf 84' lang='lat' dir='ltr'>peruersa</span> <span class='ocrx_word' id='word_1_360' title='bbox 771 2573 886 2609; x_wconf 90' lang='lat' dir='ltr'>concl.</span> <span class='ocrx_word' id='word_1_361' title='bbox 903 2574 1042 2619; x_wconf 81' lang='lat' dir='ltr'><strong><em>OPpV.</em></strong></span> <span class='ocrx_word' id='word_1_362' title='bbox 1084 2592 1124 2599; x_wconf 94' lang='lat'><em>-</em></span> <span class='ocrx_word' id='word_1_363' title='bbox 1162 2573 1210 2609; x_wconf 73' lang='lat'>25</span> <span class='ocrx_word' id='word_1_364' title='bbox 1240 2573 1568 2618; x_wconf 81' lang='lat' dir='ltr'>condempnassent</span> 
     </span>
     <span class='ocr_line' id='line_1_42' title="bbox 154 2624 1567 2671; baseline 0 -11"><span class='ocrx_word' id='word_1_365' title='bbox 154 2624 288 2671; x_wconf 69' lang='lat' dir='ltr'>OspV.</span> <span class='ocrx_word' id='word_1_366' title='bbox 316 2645 356 2652; x_wconf 92' lang='lat'>—</span> <span class='ocrx_word' id='word_1_367' title='bbox 383 2627 429 2662; x_wconf 73' lang='lat'>27</span> <span class='ocrx_word' id='word_1_368' title='bbox 453 2627 554 2663; x_wconf 89' lang='lat' dir='ltr'>uerb.</span> <span class='ocrx_word' id='word_1_369' title='bbox 567 2628 720 2664; x_wconf 84' lang='lat' dir='ltr'>celerem</span> <span class='ocrx_word' id='word_1_370' title='bbox 745 2627 857 2663; x_wconf 88' lang='lat' dir='ltr'>finem</span> <span class='ocrx_word' id='word_1_371' title='bbox 882 2627 922 2662; x_wconf 89' lang='lat' dir='ltr'>P.</span> <span class='ocrx_word' id='word_1_372' title='bbox 962 2645 1002 2652; x_wconf 94' lang='lat'><strong>—</strong></span> <span class='ocrx_word' id='word_1_373' title='bbox 1042 2627 1088 2662; x_wconf 76' lang='lat'>29</span> <span class='ocrx_word' id='word_1_374' title='bbox 1113 2637 1177 2662; x_wconf 86' lang='lat' dir='ltr'>rex</span> <span class='ocrx_word' id='word_1_375' title='bbox 1189 2628 1233 2662; x_wconf 89' lang='lat' dir='ltr'>L.</span> <span class='ocrx_word' id='word_1_376' title='bbox 1274 2645 1314 2651; x_wconf 97' lang='lat'><strong>—</strong></span> <span class='ocrx_word' id='word_1_377' title='bbox 1353 2626 1395 2661; x_wconf 84' lang='lat'>31</span> <span class='ocrx_word' id='word_1_378' title='bbox 1424 2625 1567 2670; x_wconf 86' lang='lat' dir='ltr'>illisque</span> 
     </span>
     <span class='ocr_line' id='line_1_43' title="bbox 150 2675 1459 2726; baseline 0.001 -12"><span class='ocrx_word' id='word_1_379' title='bbox 150 2679 421 2716; x_wconf 85' lang='lat' dir='ltr'>occurrentibus</span> <span class='ocrx_word' id='word_1_380' title='bbox 445 2681 502 2726; x_wconf 79' lang='lat' dir='ltr'>Pp</span> <span class='ocrx_word' id='word_1_381' title='bbox 527 2700 567 2707; x_wconf 92' lang='lat'><em>-</em></span> <span class='ocrx_word' id='word_1_382' title='bbox 594 2681 659 2717; x_wconf 86' lang='lat' dir='ltr'>sol.</span> <span class='ocrx_word' id='word_1_383' title='bbox 673 2691 776 2716; x_wconf 86' lang='lat' dir='ltr'>more</span> <span class='ocrx_word' id='word_1_384' title='bbox 804 2681 890 2725; x_wconf 79' lang='lat' dir='ltr'>OPp</span> <span class='ocrx_word' id='word_1_385' title='bbox 898 2681 938 2715; x_wconf 91' lang='lat' dir='ltr'>V.</span> <span class='ocrx_word' id='word_1_386' title='bbox 968 2698 1007 2705; x_wconf 94' lang='lat'><strong>—</strong></span> <span class='ocrx_word' id='word_1_387' title='bbox 1035 2681 1082 2716; x_wconf 79' lang='lat'>32</span> <span class='ocrx_word' id='word_1_388' title='bbox 1107 2679 1196 2715; x_wconf 85' lang='lat' dir='ltr'>nulli</span> <span class='ocrx_word' id='word_1_389' title='bbox 1220 2683 1247 2715; x_wconf 86' lang='lat' dir='ltr'>t.</span> <span class='ocrx_word' id='word_1_390' title='bbox 1261 2680 1305 2715; x_wconf 88' lang='lat' dir='ltr'>L.</span> <span class='ocrx_word' id='word_1_391' title='bbox 1457 2675 1459 2677; x_wconf 71' lang='grc'><strong>’</strong></span> 
     </span>
    </p>
   </div>
  </div>
 </body>
</html>
