1800 2930
734 162 794 183 .-—
854 140 1016 179 73—

171 255 384 297 mandauit,
438 255 515 304 Qui
541 268 632 296 cum
659 254 845 302 uenisset,
880 253 1191 305 interrogabatur
1217 266 1242 293 a
1269 253 1401 304 regina
1428 253 1462 293 si
1490 252 1589 293 filios

171 315 361 355 redimere
389 315 514 355 uellet.
569 314 637 354 1110
664 319 833 365 negante
860 313 976 353 obolo
1002 313 1140 353 saltem
1159 325 1227 353 eos
1254 312 1443 352 redimere
1470 311 1586 352 uelle:

171 375 285 415 Nunc
312 387 416 427 ergo,
443 374 496 414 ait
523 373 668 425 regina,
704 373 805 413 refer
832 373 951 412 michi
978 385 1091 412 oesus
1121 372 1180 412 uel
1210 372 1377 423 pericula
1404 384 1479 422 que
1507 371 1586 419 tibi,

171 435 265 474 dum
293 433 493 474 latrocinia
518 445 731 480 exerceres,
761 445 935 483 unquam
962 431 1172 471 acciderint
1198 430 1388 482 grauiora,
1425 436 1463 470 et
1491 430 1589 470 filios

171 494 312 534 liberos
353 493 513 533 reddam
554 491 635 532 tibi.
690 491 741 531 At
775 491 851 538 ille,
894 497 935 530 ut
976 490 1098 542 ipsius
1139 490 1269 530 uerbis
1307 489 1446 530 melius
1483 495 1586 530 utar:
1632 491 1660 529 5

170 552 377 602 Quoniam,
405 551 542 603 inquit,
570 551 786 591 secundum
811 555 966 601 poetam

316 611 532 663 ‘perdere
558 610 704 657 uerba
732 610 835 649 leue
863 615 935 649 est
964 621 1212 660 paruaque
1239 607 1448 655 iacturae,

170 671 292 711 multo
310 670 434 711 leuius
453 675 547 721 puto
565 669 694 709 uerbis
713 668 806 708 solis
825 669 978 708 lucrari.
1018 667 1120 707 Audi
1139 681 1243 719 ergo,
1263 668 1315 707 ait
1333 668 1382 706 ad
1402 666 1587 718 reginam,

170 730 244 771 sub
270 729 478 782 sponsione
506 735 573 769 tua
599 741 713 769 casus
741 728 806 779 qui
835 742 899 767 me
927 741 1101 778 unquam
1129 727 1252 778 magis
1281 731 1522 767 terruerunt:

689 825 1064 883 [Polyphemus]

167 906 460 995 Audieramus
492 906 701 957 aliquando
728 905 924 956 gigantem
960 905 1085 944 multa
1111 904 1195 944 auri
1231 904 1456 956 argentique
1485 903 1589 944 milia
1611 904 1662 942 10

266 967 527 1019 possidentem
554 966 655 1005 intra
674 964 923 1005 solitudinem
951 964 1096 1015 uiginte
1115 964 1193 1004 fere
1211 964 1369 1003 milibus
1396 968 1589 1003 remotum

166 1027 218 1067 ab
254 1025 483 1066 hominibus
521 1025 709 1065 habitare.
772 1024 1004 1075 Congregati
1041 1023 1156 1074 igitur
1192 1023 1231 1063 in
1269 1036 1393 1063 unum
1431 1027 1589 1063 centum

165 1085 336 1126 latrones
363 1085 447 1125 auri
473 1084 679 1136 cupiditate
706 1083 822 1123 illecti
849 1083 898 1122 ad
926 1082 1205 1123 habitationem
1226 1083 1309 1122 eius
1336 1095 1480 1133 magno
1499 1095 1588 1122 cum
1643 1130 1646 1133 ἢ

164 1144 300 1185 labore
327 1144 590 1197 peruenimus,
619 1156 743 1194 eoque
769 1155 850 1182 non
879 1142 1040 1182 inuento
1069 1142 1191 1193 ganisi
1226 1141 1459 1181 abstulimus
1487 1141 1589 1192 quic·

167 1204 260 1256 quid
301 1204 385 1244 auri
424 1210 462 1244 et
501 1203 650 1254 argenti
690 1203 887 1254 potuimus
933 1202 1121 1242 inuenire.
1190 1202 1267 1241 Sed
1314 1202 1408 1241 dum
1454 1214 1589 1241 secure
1610 1201 1661 1239 15

167 1264 456 1316 repedaremus,
488 1262 596 1314 gigas
623 1261 686 1302 ille
714 1275 859 1301 nouem
886 1261 972 1301 aliis
991 1261 1198 1301 comitatus
1226 1261 1340 1300 nobis
1368 1260 1589 1311 inprouisus

167 1323 406 1375 superuenit,
429 1323 607 1374 captique
632 1334 769 1361 sumus
796 1322 892 1372 proh
916 1322 1062 1372 pudor!
1090 1326 1249 1360 centum
1275 1334 1299 1360 a
1325 1321 1472 1360 decem.
1513 1320 1590 1368 Qui

168 1395 244 1423 nos
271 1382 371 1422 inter
398 1395 441 1422 se
468 1381 696 1429 diuidentes,
726 1380 866 1420 deueni
893 1393 964 1431 ego
991 1380 1111 1420 miser
1138 1393 1228 1419 cum
1262 1393 1406 1419 nouem
1440 1379 1557 1419 aliis
1547 1393 1587 1418 111

167 1447 318 1494 partem
363 1441 447 1481 eius
489 1441 599 1481 cuius
640 1453 713 1480 nos
753 1439 906 1479 diuitias
946 1440 1244 1479 abstuleramus.
1316 1438 1460 1490 Ligatis
1498 1451 1590 1490 ergo

166 1501 350 1542 manibus
377 1505 591 1541 retrorsum
621 1500 796 1540 minabat
824 1513 898 1539 nos
917 1500 966 1539 ad
994 1504 1151 1538 antrum
1180 1511 1298 1538 suum
1326 1497 1436 1549 quasi
1456 1498 1590 1537 decem
1608 1497 1663 1535 20

167 1561 340 1601 ouiculas
384 1565 512 1600 statua
547 1559 612 1600 illa
650 1558 834 1599 tredecim
873 1558 1024 1598 cubitos
1058 1559 1261 1598 excedens.
1318 1558 1420 1596 Dum
1458 1562 1590 1597 autem

166 1620 202 1660 ei
240 1620 473 1660 immensam
514 1632 584 1670 pro
625 1618 892 1670 redemptione
933 1623 1068 1658 nostra
1105 1617 1312 1669 pecuniam
1348 1617 1588 1664 offerremus,

164 1678 228 1719 ille
262 1678 486 1719 insultando
524 1678 638 1718 nobis
674 1691 755 1717 non
794 1677 897 1717 aliud
935 1690 1056 1728 quam
1093 1689 1232 1717 carnes
1259 1682 1414 1716 nostras
1451 1688 1494 1715 se
1529 1688 1589 1715 ac-

165 1743 369 1791 cepturum
395 1739 637 1789 respondens
664 1750 755 1777 eum
783 1737 914 1777 statim
954 1750 1070 1787 quem
1107 1736 1210 1776 inter
1245 1749 1320 1775 nos
1347 1735 1589 1787 pinguiorem

165 1798 261 1838 uidit
278 1798 607 1849 comprehensum
633 1797 780 1848 iugulat
799 1796 1046 1846 diuisumque
1065 1795 1314 1835 membratim
1341 1795 1382 1834 in
1404 1794 1589 1834 cacabum
1607 1793 1661 1831 25

165 1857 302 1909 proicit
328 1857 586 1908 coquendum.
626 1856 731 1905 Quid
759 1856 895 1907 plura?
935 1855 1002 1895 Sic
1029 1855 1152 1898 illum.
1187 1854 1244 1894 sic
1271 1854 1440 1905 reliquos
1466 1865 1590 1904 usque

165 1917 215 1956 ad
238 1929 303 1957 me
327 1916 518 1968 iugulatos
545 1921 751 1967 coctosque
773 1915 975 1955 deuorauit
1006 1927 1147 1965 meque
1167 1914 1266 1965 proh
1294 1914 1422 1953 nefas!
1445 1913 1493 1952 de
1512 1913 1589 1952 sin-

164 1975 264 2027 gulis
291 1976 493 2015 comedere
520 1975 655 2027 coegit.
712 1975 834 2014 Porro
862 1987 952 2014 cum
980 1979 1019 2013 et
1036 1987 1102 2013 me
1128 1973 1300 2023 iugulare
1326 1973 1454 2020 uellet,
1482 1984 1589 2011 men-

166 2034 259 2075 titus
286 2048 375 2074 sum
402 2047 467 2074 me
494 2047 580 2074 esse
607 2033 815 2082 medicum,
843 2033 1073 2085 promittens
1101 2046 1165 2073 me
1184 2032 1268 2072 eius
1296 2033 1428 2071 oculos
1447 2031 1588 2082 quibus

167 2094 337 2146 grauiter
364 2094 518 2134 dolebat
536 2099 776 2141 curaturum,
805 2093 838 2133 si
857 2091 993 2132 mortis
1012 2091 1220 2132 discrimen
1241 2092 1460 2131 euaderem.
1501 2090 1588 2138 Quo
1605 2090 1662 2128 30

165 2152 334 2194 libenter
372 2153 449 2193 hoc
493 2166 565 2205 pro
611 2153 811 2193 oculorum
854 2152 1026 2192 remedio
1071 2151 1346 2202 consequendo
1390 2154 1588 2189 annuente

287 2267 304 2302 1
331 2267 363 2302 si
386 2278 450 2302 eos
473 2266 547 2302 red.
572 2266 737 2309 (liberare
757 2266 806 2308 V)
830 2265 939 2300 vellet
971 2263 1104 2309 OPpV.
1139 2284 1185 2290 —
1214 2263 1239 2298 4
1263 2262 1448 2307 grauiores
1471 2262 1516 2296 L.
1540 2279 1588 2286 —-

168 2321 188 2356 7
214 2321 364 2366 perdere
388 2331 504 2365 pauca
531 2321 579 2361 0;
604 2319 718 2355 uerba
743 2319 832 2363 fehlt
857 2319 954 2363 PpV
975 2337 1019 2343 —
1044 2318 1069 2354 8
1092 2319 1181 2363 puta
1210 2317 1276 2362 Pp.
1309 2336 1355 2342 —
1380 2318 1403 2350 9
1427 2315 1496 2350 sub
1520 2315 1587 2359 sp.]

163 2373 406 2419 suspicionem
432 2372 476 2415 O,
510 2373 580 2408 sub
605 2373 779 2418 pensione
813 2373 858 2416 V,
889 2371 959 2407 suh
985 2370 1161 2416 pensione
1185 2372 1249 2405 tua
1268 2381 1309 2414 p.
1343 2389 1389 2395 —
1426 2369 1471 2403 10
1493 2367 1586 2402 And.

163 2427 349 2472 quondam
376 2427 415 2462 O.
440 2447 487 2453 —
514 2427 555 2462 11
583 2425 785 2462 miliaribus
805 2425 844 2460 V.
870 2445 917 2452 —
946 2426 990 2460 13
1015 2423 1119 2459 electi
1146 2423 1250 2468 OpV.
1276 2442 1318 2448 —
1349 2423 1391 2457 16
1416 2422 1475 2458 ille
1498 2421 1588 2464 fehlt

164 2480 200 2516 L
220 2499 268 2507 —
292 2491 329 2516 ιι.
354 2479 540 2516 sodalibus
565 2480 666 2515 Coni.
691 2480 770 2520 Eb„
795 2489 918 2514 n.cum
942 2478 1023 2513 aliis
1040 2478 1084 2518 L,
1110 2477 1228 2512 n.aliis
1248 2476 1387 2520 ospV.
1404 2494 1452 2500 —
1473 2475 1512 2510 17
1526 2474 1588 2509 do-

162 2533 220 2570 lor
246 2534 286 2570 0.
322 2554 368 2560 -
405 2534 449 2568 19
473 2533 604 2569 abstul,
633 2534 738 2568 Geni.
763 2533 847 2573 Eb„
872 2532 1071 2567 tuleramus
1096 2531 1154 2565 die
1177 2530 1267 2566 Hes.
1291 2549 1338 2556 —
1363 2530 1410 2563 20
1434 2527 1591 2563 minauit

162 2588 270 2632 Ppr.
294 2607 341 2614 -
366 2587 407 2622 21
437 2589 519 2622 stat.
546 2614 555 2621 .
572 2614 583 2624 .
601 2614 610 2623 .
635 2597 712 2622 exc.
729 2587 821 2630 fehlt
845 2586 949 2630 PpV.
987 2603 1030 2609 —
1057 2584 1158 2619 25iu
1182 2594 1256 2618 mc.
1273 2583 1365 2626 fehlt
1392 2581 1524 2627 OPpV,
1548 2580 1588 2615 in

163 2639 358 2676 menbrum
381 2641 425 2676 L.
460 2658 507 2665 —
539 2640 587 2675 29
610 2650 703 2684 quos
727 2649 784 2683 gr.
812 2638 847 2674 d.
877 2638 954 2674 oV.
994 2657 1039 2664 —
1080 2637 1123 2672 31
1151 2647 1240 2672 rem.
1266 2635 1518 2677 consenciente
1545 2633 1586 2669 0.
