1800 2930
859 167 1134 206 ...54-

290 279 593 321 miserericordia
621 294 736 332 super
763 281 919 321 fortuna
952 281 1122 322 iuuenis:
1163 281 1251 321 Non
1289 287 1360 330 est,
1400 282 1464 331 ait,
1502 282 1645 322 mirum
1673 282 1705 322 si

291 341 393 380 dolet
428 340 489 380 cui
524 340 625 380 male
659 340 827 391 contigit.
883 340 991 381 Vade
1031 340 1070 380 in
1113 354 1207 393 pace
1247 346 1284 381 et
1326 342 1431 381 hunc
1467 341 1569 381 diem
1606 342 1706 382 male

290 399 506 439 ominatum
541 400 588 438 de
624 405 750 439 cetero
787 405 1003 451 precaueto.
1060 400 1123 440 Sic
1157 414 1247 452 ergo
1287 401 1348 440 ille
1384 400 1530 440 astucia
1566 414 1637 440 sua
1665 414 1706 441 se

291 472 460 509 suosque
486 458 655 499 liberans
683 460 731 498 ad
759 459 912 511 propria
940 459 1137 507 remeauit,
1168 465 1205 499 et
1234 473 1301 499 rex
1330 459 1576 499 similitudine
1604 461 1706 500 delu-

246 519 270 556 5
290 532 357 558 sus
385 518 555 558 ueritatis
583 518 679 558 redit
707 519 756 558 ad
783 532 918 558 senem
946 519 1150 559 consilium
1178 525 1413 571 accepturus.

290 575 443 666 Senex
471 591 564 617 uero
593 579 790 618 asserebat
824 591 954 629 regem
974 579 1042 618 uix
1062 592 1176 630 posse
1200 578 1376 618 inuenire
1397 580 1499 629 quod
1520 584 1707 630 quereret,

349 638 556 689 *suadebat
584 642 713 677 tamen
749 642 791 677 ut
830 638 996 677 cadauer
1031 637 1171 678 iterum
1199 652 1266 689 per
1300 639 1463 678 eandem
1491 638 1708 678 traheretur

290 696 496 737 ciuitatem.
552 697 666 745 Quod
704 698 742 737 et
778 697 920 737 factum
962 702 1032 737 est.
1098 697 1273 748 Cumque
1314 703 1356 737 ut
1398 698 1504 749 prius
1546 703 1708 737 uentum

290 762 391 796 esset
419 757 468 796 ad
496 757 655 796 domum
676 757 770 803 eius,
800 757 900 796 filius
919 757 1116 796 internum
1145 757 1263 797 animi
1283 758 1454 797 dolorem
1476 770 1555 797 non
1581 758 1709 798 ferens

223 814 273 853 10
290 815 411 855 filium
440 817 647 867 paruulum
675 817 716 855 in
745 822 904 868 puteum
934 816 999 867 qui
1028 830 1097 867 pro
1126 816 1273 856 foribus
1301 822 1382 856 erat
1411 818 1510 857 clam
1538 817 1708 869 proiecit,

289 880 460 926 tuncque
514 876 665 915 uultum
709 876 905 927 unguibus
951 889 1114 927 carpens
1155 889 1251 916 uoce
1297 876 1502 916 lacrimosa
1547 877 1709 928 populos

289 934 400 986 quasi
429 936 478 974 ad
505 935 749 975 liberandum
786 935 908 975 filium
940 940 1140 975 conuocat.
1196 935 1373 975 Accurrit
1409 936 1549 975 iterum
1585 942 1709 975 mater

289 1007 379 1034 cum
398 994 497 1043 filiis,
517 994 643 1046 girant
663 1000 834 1047 puteum,
862 995 1127 1044 lacrimantur,
1147 995 1286 1047 aliique
1305 995 1462 1035 funibus
1481 997 1530 1035 ad
1558 996 1709 1035 extrah-

290 1055 435 1094 endum
477 1055 683 1106 puerulum
724 1055 764 1094 in
801 1060 961 1106 puteum
989 1068 1031 1094 se
1059 1055 1266 1095 demittunt
1303 1060 1340 1095 et
1377 1055 1439 1095 alii
1467 1069 1534 1095 eos
1569 1055 1709 1095 iterum

223 1111 271 1150 15
291 1127 447 1153 sursum
475 1115 647 1154 trahunt.
703 1115 805 1163 Quid
833 1115 969 1166 plura?
1024 1114 1182 1166 Capitur
1209 1115 1346 1154 iterum
1383 1115 1445 1155 ille
1474 1116 1579 1154 solus
1608 1115 1709 1154 duci-

289 1178 428 1224 turque
448 1175 496 1213 ad
515 1187 661 1225 regem,
682 1179 719 1214 et
739 1174 893 1213 interim
914 1175 1079 1214 cadauer
1099 1188 1167 1226 per
1187 1175 1282 1213 alias
1302 1174 1475 1214 ciuitates
1494 1174 1533 1213 in
1554 1188 1709 1214 cassum

289 1238 455 1273 tractum
497 1234 546 1273 ad
583 1246 713 1285 regern
750 1234 816 1273 uix
854 1234 1008 1273 ossibus
1046 1239 1083 1273 et
1119 1235 1251 1273 neruis
1280 1234 1468 1273 coherens
1502 1234 1708 1273 reducitur.

289 1293 412 1332 Porro
439 1306 508 1332 rex
536 1293 674 1332 uidens
701 1293 809 1333 hunc
828 1293 968 1333 iterum
996 1299 1150 1344 captum
1172 1307 1287 1344 quem
1316 1298 1429 1333 antea
1457 1293 1654 1332 dimiserat
1672 1297 1711 1332 et

290 1351 455 1392 nimium
483 1353 713 1393 admiratus:
748 1353 849 1401 Quid
878 1358 1053 1404 prosunt,
1083 1353 1145 1401 ait,
1183 1352 1250 1392 tibi
1280 1352 1415 1393 callide
1443 1353 1710 1404 deceptiones?

220 1409 273 1447 20
290 1411 351 1451 Dii
379 1411 522 1452 summi
551 1417 587 1452 te
615 1414 795 1463 produnt,
826 1413 927 1452 furta
947 1418 1013 1452 tua
1039 1417 1076 1452 et
1097 1413 1260 1452 crimina
1279 1418 1316 1452 te
1344 1418 1539 1452 accusant.
1578 1413 1711 1451 Redde

292 1485 382 1523 ergo
410 1473 637 1512 thesaurum
666 1477 704 1512 et
730 1472 815 1512 iuro
853 1472 921 1511 tibi
950 1485 1018 1523 per
1046 1485 1173 1512 meam
1213 1472 1420 1524 magnique
1448 1471 1550 1511 Iouis
1578 1477 1711 1523 poten-

291 1531 385 1571 tiam
423 1532 526 1582 quod
563 1545 635 1572 nec
672 1537 710 1571 te
747 1532 826 1572 uita
862 1545 935 1571 nec
972 1532 1100 1582 aliquo
1137 1532 1299 1583 priuabo
1339 1533 1605 1579 menbrorum,
1643 1532 1710 1571 sed

291 1604 432 1631 sanum
461 1595 499 1631 et
526 1590 718 1642 integrum
747 1591 988 1642 liberumque
1007 1592 1210 1631 dimittam.
1255 1592 1367 1631 Tunc
1393 1593 1489 1631 latro
1509 1590 1711 1631 calliditate

291 1664 363 1690 sua
389 1656 504 1691 utens
523 1652 709 1702 producta
728 1650 853 1702 primo
873 1651 1038 1702 suspiria
1056 1652 1105 1690 ab
1125 1650 1203 1690 imo
1223 1651 1386 1703 pectoris
1415 1651 1542 1698 trahit,
1572 1650 1711 1690 dehinc

220 1706 271 1745 25
291 1711 407 1750 talem
435 1711 572 1751 emittit
600 1724 756 1751 uocem:
794 1711 828 1750 Ο
855 1706 931 1758 me,
966 1710 1159 1761 inquiens,
1199 1710 1375 1750 omnium
1404 1710 1711 1750 infelicissimum

292 1770 510 1818 hominum,
541 1784 656 1821 quem
675 1775 784 1810 tanto
813 1769 864 1809 dii
892 1770 979 1810 odio
1000 1775 1266 1822 persecuntur,
1297 1775 1339 1810 ut
1357 1783 1429 1809 nec
1449 1770 1574 1809 solum
1594 1770 1711 1809 michi

292 1829 395 1870 diem
422 1831 569 1882 absque
597 1830 794 1870 doloribus
814 1835 851 1870 et
879 1829 1111 1870 cruciatibus
1132 1829 1304 1881 corporis
1334 1835 1371 1869 et
1398 1830 1519 1869 animi
1547 1828 1712 1869 transire

293 1889 536 1941 permittant!
593 1889 687 1930 Heri
706 1890 824 1930 michi
845 1890 923 1930 dies
952 1890 1082 1930 infelix
1111 1889 1288 1941 pollicem
1308 1889 1476 1936 abstulit,
1505 1889 1569 1928 hic
1597 1889 1712 1928 hodie

293 1949 479 1989 infelicior
507 1949 629 1989 filium
648 1949 807 1990 unicum
836 1949 1019 1989 demersit
1038 1949 1078 1988 in
1098 1955 1269 2001 puteum,
1299 1955 1336 1989 et
1356 1962 1443 1989 ecce
1462 1950 1509 1988 de
1529 1949 1711 1988 thesauro

221 2004 275 2043 30
293 2009 394 2060 regis
434 2009 620 2060 requiror.
677 2009 790 2049 Tunc
823 2010 939 2049 etiam
976 2009 1146 2049 lacrimis
1185 2009 1301 2056 falsis,
1339 2009 1459 2048 immo
1498 2008 1711 2048 uerissimis

293 2069 488 2121 perfusus:
518 2069 717 2121 Magnum,
746 2069 811 2120 ait,
829 2082 852 2108 o
871 2082 952 2117 rex,
973 2069 1205 2109 beneficium
1226 2068 1482 2119 solatiumque
1501 2068 1710 2119 prestiteris

293 2128 449 2177 misero,
487 2128 520 2168 si
547 2142 611 2168 me
649 2129 697 2169 ab
726 2130 800 2169 hac
837 2129 916 2169 uita
952 2142 1027 2180 que
1064 2127 1171 2169 omni
1209 2133 1414 2176 tormento,
1451 2128 1558 2167 omni
1587 2133 1711 2166 morte

415 2244 431 2277 1
459 2253 567 2288 super
583 2241 782 2277 infortunio
798 2242 864 2286 Pp,
889 2252 997 2286 super
1022 2240 1166 2276 miseria
1195 2240 1264 2275 OV
1285 2261 1330 2266 —
1356 2240 1377 2275 2
1395 2250 1442 2274 m.
1461 2239 1589 2274 accidit
1616 2239 1711 2283 OPp.

294 2315 340 2320 —
365 2296 424 2340 2l3
450 2299 485 2331 et
509 2296 629 2331 hunc.
645 2322 653 2330 .
668 2321 676 2330 .
691 2306 785 2340 pree.
811 2296 901 2339 fehlt
929 2295 1060 2339 OPpV.
1087 2313 1133 2319 —
1159 2295 1181 2329 3
1204 2294 1271 2329 iste
1284 2294 1386 2338 PpV,
1412 2292 1481 2328 ista
1507 2293 1545 2327 O.
1573 2313 1618 2319 --
1643 2293 1665 2326 4
1683 2304 1710 2328 r.

295 2349 425 2384 iterum
452 2349 497 2384 ad
522 2360 550 2384 s.
576 2360 606 2384 c.
624 2349 671 2384 ab
697 2360 739 2384 eo
765 2359 838 2384 acc.
861 2349 945 2393 OPp
954 2349 994 2383 V.
1013 2369 1057 2374 —
1076 2349 1098 2382 6
1115 2358 1223 2392 quem
1242 2349 1295 2392 sp
1315 2366 1356 2372 —
1376 2346 1550 2392 querebat
1569 2346 1712 2390 OPpV.

295 2424 340 2429 —
366 2403 389 2438 8
413 2413 448 2438 u.
467 2406 521 2438 est
542 2403 635 2448 OPp.
662 2423 707 2429 —
741 2403 763 2437 9
790 2402 812 2438 f.
839 2402 916 2438 eius
941 2402 1071 2436 iterum
1097 2413 1129 2437 a.
1156 2402 1189 2436 d.
1211 2402 1337 2446 OPpV
1358 2419 1403 2425 —-
1429 2400 1612 2445 perferens
1633 2400 1711 2434 OV.

295 2475 340 2481 -
369 2456 413 2491 10
438 2456 486 2492 fil.
503 2457 595 2500 fehlt
612 2457 675 2500 Pp.
699 2476 747 2481 —
774 2456 813 2490 11
843 2455 1018 2501 populum
1046 2455 1178 2500 OPpV.
1206 2473 1248 2480 ·-
1278 2454 1321 2489 13
1347 2465 1430 2489 cum
1456 2454 1532 2489 fun.
1554 2455 1632 2488 OV.
1667 2471 1711 2479 —-

297 2510 342 2545 14
365 2520 518 2555 puerum
547 2509 675 2555 OPpV
705 2531 750 2536 —
785 2520 846 2544 eos
880 2519 1004 2544 rursus
1028 2511 1071 2543 tr.
1102 2509 1232 2553 OPpV.
1260 2527 1302 2533 —
1341 2509 1384 2543 16
1409 2518 1472 2553 per
1497 2507 1586 2542 alios
1613 2507 1712 2542 vicos

298 2564 431 2608 OPpV.
450 2583 494 2588 —
512 2564 559 2598 20
584 2563 678 2598 facta
702 2566 766 2598 tua
786 2564 819 2598 V
841 2581 888 2587 —
904 2574 952 2598 cr.
970 2566 1034 2597 tua
1054 2563 1092 2598 Ο.
1122 2582 1161 2588 -
1189 2562 1236 2597 24
1260 2562 1306 2597 ab
1331 2572 1415 2606 ymo
1439 2561 1556 2596 cordis
1577 2561 1661 2606 oPp
1670 2561 1710 2597 V.

297 2636 341 2643 -
368 2616 496 2652 deinde
516 2618 649 2662 OPpV.
668 2638 712 2643 —
739 2617 784 2652 26
811 2627 946 2661 prosec.
965 2616 1098 2661 OPpV.
1124 2636 1170 2642 —
1201 2615 1248 2651 30
1271 2614 1434 2659 inquiror
1465 2615 1506 2649 V.
1535 2634 1577 2640 -
1605 2615 1650 2649 32
1678 2624 1699 2648 ο

296 2673 414 2706 morte
439 2670 612 2715 omnique
638 2674 743 2706 torm.
766 2671 849 2715 01²9
858 2671 899 2705 V.
1215 2695 1218 2699 .
