1800 2930
776 173 1074 215 —104—

272 287 414 329 ‘Olim’
443 288 567 339 inquit
595 293 805 329 ‘truncus
832 303 958 330 eram
987 289 1209 338 ficulnus,
1238 290 1408 330 inutile
1434 290 1634 342 lignum,

271 347 383 388 Cum
412 347 563 397 faber,
600 347 820 388 incertus
849 361 1087 389 scamnum
1122 349 1369 389 faceretne
1396 349 1634 401 Priapum,

271 406 440 447 Maluit
469 420 570 447 esse
589 408 737 448 deum.
777 407 1029 448 Deusinde
1057 421 1161 460 ego,
1192 408 1349 448 furum
1383 408 1637 459 auiumque

269 466 472 507 Maxima
498 466 711 515 formid03
742 480 847 507 nam
876 467 1005 507 fures
1033 468 1202 507 dextra
1231 468 1462 508 cohercet

173 526 199 564 5
269 525 586 577 Obscenoque
614 526 762 566 ruber
790 531 1045 578 porrectus
1073 527 1126 567 ab
1156 526 1359 578 inguine
1386 526 1549 578 palus.³

216 583 448 672 Lucinius:
485 586 566 625 Iam
594 598 673 634 eos,
708 584 771 632 ait,
816 586 909 625 deos
946 587 1106 626 omnino
1143 587 1319 626 deserere
1356 586 1632 636 Christumque

306 649 417 684 tuum
457 645 581 685 colere
618 645 882 696 persuaderes,
923 644 955 684 si
1002 644 1168 696 aliquem
1206 646 1253 685 de
1291 645 1529 697 philosophis
1564 645 1635 697 ipsi

217 702 479 744 testimonium
508 703 648 744 dixisse
676 709 926 744 monstrares.
983 704 1060 744 Sed
1097 717 1184 744 cum
1222 709 1374 744 tantum
1411 706 1459 745 de
1496 705 1638 756 ignotis

217 762 346 803 nescio
379 762 518 814 quibus
546 762 770 803 hominibus
808 763 977 815 proferas
1015 762 1246 810 testimonia,
1280 763 1470 804 incertum
1507 765 1633 804 habeo

148 821 199 861 10
216 834 310 862 uera
337 835 387 861 an
417 822 510 862 falsa
537 822 625 862 sint.
681 822 732 862 At
759 822 838 862 ille:
878 822 1003 871 Certe,
1031 822 1094 871 ait,
1122 828 1224 863 recte
1261 836 1324 863 me
1357 823 1546 864 mendacii
1575 837 1636 863 ar-

215 894 322 933 gueS,
352 881 425 922 nisi
453 886 491 922 et
518 895 541 922 a
569 881 643 921 tuis
671 881 771 922 dicta
799 881 953 922 Christo
982 882 1139 922 domino
1173 882 1391 922 testimonia
1419 883 1633 934 protulero:

215 941 263 981 Et
299 940 468 993 primum
505 940 661 992 quidem
700 942 749 981 ad
787 941 904 981 Sibile
938 941 1139 981 Tiburtine
1167 941 1308 993 scripta
1339 942 1450 982 mitto
1479 948 1527 989 te,
1565 942 1630 981 ubi

217 999 307 1051 quid
334 1001 510 1052 Augusto
537 1000 745 1041 sciscitanti
772 1005 903 1041 utrum
932 1001 1127 1041 decretum
1148 1006 1372 1041 senatorum
1400 1002 1514 1041 deum
1543 1014 1634 1041 eum

215 1073 260 1099 ac
301 1059 503 1100 dominum
543 1060 734 1111 appellare
768 1059 981 1100 nolentium
1015 1060 1200 1111 reciperet
1228 1060 1479 1111 responderit,
1519 1061 1631 1111 quale

146 1117 195 1156 15
215 1118 367 1160 Christo
395 1132 483 1160 meo
510 1118 776 1160 testimonium
803 1119 949 1160 dederit
976 1119 1162 1160 inuenies.
1219 1120 1364 1160 Triduo
1393 1121 1497 1160 enim
1526 1120 1632 1172 prius

214 1178 255 1218 in
282 1178 419 1230 uigiliis
437 1192 483 1219 ac
510 1178 661 1218 ieiuniis
680 1179 870 1219 celebrato
889 1179 1109 1230 Augustum
1127 1179 1229 1220 intra
1248 1180 1496 1220 secretarium
1516 1193 1631 1220 suum

214 1237 305 1279 adiit
332 1239 404 1278 hec
430 1237 628 1290 inquiens:
658 1239 702 1279 Ὁ
730 1238 860 1286 Cesar,
888 1252 958 1290 pro
986 1243 1090 1279 certo
1119 1239 1190 1278 erit

354 1303 525 1344 Judicii
553 1304 737 1355 signum
765 1305 908 1344 tellus
937 1305 1107 1344 sudore
1135 1305 1394 1352 madescet,

356 1363 386 1403 E
413 1364 511 1404 celo
539 1377 618 1404 rex
646 1363 865 1404 adueniet
894 1377 974 1415 per
1003 1364 1127 1404 secla
1156 1364 1361 1412 futurus,

143 1421 196 1460 20
356 1423 545 1475 Scilijcet
571 1423 621 1462 in
650 1436 794 1463 carne
821 1436 1017 1474 presens
1045 1428 1094 1462 ut
1122 1423 1299 1463 iudicet
1326 1423 1502 1469 orbem,

354 1482 482 1522 Vnde
510 1483 645 1523 deum
672 1487 872 1522 cernent
899 1482 1172 1522 incredulus
1201 1487 1341 1534 atque
1369 1482 1550 1522 fidelise

213 1547 260 1587 Et
287 1552 414 1588 cetera
441 1561 515 1599 que
543 1553 757 1599 sequuntur
785 1561 860 1599 que
887 1548 934 1587 de
971 1548 1170 1588 natiuitate
1198 1547 1352 1594 Christi,
1382 1547 1561 1600 passione
1590 1552 1629 1587 et

212 1607 491 1647 resurrectione
518 1612 556 1647 et
583 1608 710 1647 futuro
738 1607 875 1647 iudicio
903 1607 1143 1659 apertissime
1171 1608 1361 1659 leguntur.
1417 1607 1514 1647 Item
1551 1606 1626 1646 alio

213 1666 250 1706 in
286 1667 371 1707 loco
403 1666 472 1707 ait:
510 1667 672 1707 ‘Filius
709 1667 827 1707 deus
864 1667 1000 1707 deum
1037 1667 1173 1707 dedit
1215 1666 1332 1706 filiis
1369 1666 1623 1707 hominum

144 1729 195 1769 25
214 1726 486 1775 colendum,
528 1726 682 1778 ipsum
723 1731 878 1766 autem
919 1730 1051 1775 tuum
1093 1739 1335 1778 cognosce
1375 1725 1624 1766 dominum

214 1785 287 1826 dei
315 1785 474 1825 filium
502 1785 635 1826 esse.³
690 1786 740 1826 Et
768 1786 815 1825 de
843 1786 946 1837 ligno
975 1785 1098 1826 crucis
1127 1786 1267 1826 Christi
1295 1786 1364 1826 ait:
1394 1785 1439 1825 Ὁ
1468 1791 1630 1836 terque

214 1850 477 1896 quaterque
504 1846 698 1886 beatum
727 1844 916 1896 lignum
947 1844 992 1885 in
1021 1859 1113 1897 quo
1134 1846 1247 1886 deus
1267 1850 1504 1886 extensus
1533 1850 1633 1884 est?

213 1903 392 1956 Virgilius
420 1918 573 1956 quoque
601 1909 741 1952 uester,
769 1904 940 1955 inquam,
971 1905 1062 1956 quia
1090 1905 1294 1945 nobiscum
1321 1904 1408 1944 facit
1446 1910 1483 1944 et
1510 1903 1627 1944 sentit

214 1963 262 2004 de
289 1963 456 2013 Christo,
484 1965 532 2004 de
551 1977 628 2015 quo
655 1964 738 2004 illos
758 1977 913 2004 uersus:
954 1964 1059 2004 ‘Iam
1088 1977 1212 2004 noua
1240 1963 1497 2016 progenies
1526 1963 1626 2003 celo

143 2025 198 2066 30
215 2023 477 2064 demittitur
518 2023 637 2072 alto,³
679 2023 771 2074 quid
808 2024 1008 2075 promebat
1046 2023 1119 2063 nisi
1161 2025 1209 2063 de
1245 2023 1398 2064 Christo
1439 2023 1503 2074 qui
1543 2028 1632 2074 post

214 2095 358 2135 paucos
377 2096 502 2123 annos
521 2083 739 2123 nasciturus
759 2088 840 2123 erat
859 2084 905 2123 de
918 2083 1090 2135 uirgine?
1128 2083 1239 2123 Vnde
1253 2083 1373 2135 ipsius
1387 2095 1539 2133 quoque
1559 2082 1636 2121 uir-

214 2141 313 2194 ginis
326 2142 366 2182 in
381 2142 600 2194 precedenti
614 2155 729 2183 uersu
743 2143 983 2183 mentionem
997 2142 1103 2183 facit:
1134 2143 1237 2183 ‘Iam
1257 2142 1382 2182 redit
1410 2147 1453 2182 et
1472 2142 1633 2193 uirgo,‘

215 2201 408 2253 inquiens,
437 2202 649 2242 ‘redeunt
678 2201 907 2242 Saturnia
941 2202 1110 2254 regna.³
1166 2202 1293 2242 Verba
1329 2214 1479 2253 queque
1516 2201 1635 2253 patris

214 2262 264 2301 ad
309 2260 447 2301 filiurn:
503 2260 648 2309 ‘Nate,
696 2274 793 2301 mee
848 2261 994 2310 uires,
1052 2274 1155 2302 mea
1205 2275 1371 2312 magna
1419 2261 1632 2312 potentia

144 2321 196 2362 35
217 2320 373 2361 salus?
417 2320 461 2359 Et
489 2320 536 2359 de
563 2319 756 2361 saluatore
783 2320 822 2359 in
843 2333 956 2361 cruce
974 2321 1183 2372 pendente:
1214 2320 1356 2360 ‘Talia
1384 2319 1630 2372 perstabat

336 2458 353 2493 1
379 2459 424 2492 tr.
449 2467 481 2494 e.
506 2467 639 2492 curuus
667 2455 763 2502 OPp,
787 2459 831 2492 tr.
857 2467 887 2493 e.
913 2460 1079 2493 terrenus
1104 2460 1140 2492 et
1171 2458 1212 2493 V.
1239 2475 1283 2482 —
1308 2457 1332 2492 4
1356 2456 1547 2492 cohercent
1564 2457 1632 2501 Pp,

215 2510 432 2547 arcebantur
459 2511 498 2547 Ο.
523 2530 568 2538 -
594 2510 617 2545 5
640 2510 730 2555 fehlt
757 2509 888 2555 OPpV.
914 2530 960 2537 —
985 2512 1007 2546 6
1033 2510 1106 2554 eos]
1133 2521 1192 2546 me
1216 2511 1259 2551 L,
1286 2521 1345 2546 me
1362 2510 1447 2545 deos
1469 2510 1632 2545 deseren—

215 2564 282 2600 dos
316 2564 357 2601 V.
405 2564 483 2600 Iam
507 2562 626 2609 inquit
650 2564 736 2599 deos
760 2574 794 2600 o.
819 2564 1022 2600 desererem
1047 2565 1115 2609 Pp.
1147 2584 1193 2591 —
1229 2564 1248 2599 7
1275 2563 1465 2599 colendum
1495 2563 1631 2607 OPpV.

218 2618 261 2653 12
285 2617 445 2663 primum
473 2617 574 2653 C'om'.
599 2618 677 2661 Eb„
703 2615 820 2663 primo
846 2618 888 2659 L,
912 2617 1003 2661 fehlt
1023 2617 1106 2663 0sp
1116 2618 1160 2654 V.
1189 2636 1231 2644 —
1258 2616 1304 2652 28
1320 2616 1536 2662 inquantum
1554 2615 1632 2653 oV.

216 2691 261 2699 —
287 2671 335 2707 30
358 2670 444 2716 quid
467 2670 557 2715 fehlt
582 2671 625 2706 L.
650 2690 697 2696 —
721 2671 828 2715 30131
856 2673 936 2716 post
951 2681 985 2717 p.
1005 2670 1082 2707 dies
1110 2670 1246 2716 OPpV.
1268 2691 1312 2698 —
1339 2671 1385 2705 35
1410 2669 1508 2705 solus
1527 2669 1636 2715 LpV.
