1800 2930
774 154 1048 193 ,62-

206 266 405 357 Consiliis
433 268 573 309 iterum
609 273 690 309 tota
717 269 778 309 die
812 274 847 309 et
882 273 996 308 nocte
1023 265 1086 308 illa
1123 269 1223 308 inter
1250 268 1443 320 principes
1479 268 1621 308 habitis

286 329 548 379 reuolutisque
587 342 634 368 ex
671 328 822 380 integro
858 328 1007 380 legibus
1048 341 1137 368 cum
1176 329 1326 368 nullum
1365 328 1467 368 aliud
1505 341 1623 378 quam

204 387 334 438 ignem
349 389 564 428 remedium
578 388 740 428 Lucinio
760 389 968 428 decernere
986 388 1221 436 uiderentur,
1242 401 1310 428 rex
1329 401 1484 427 summo
1506 400 1622 427 mane

204 460 293 487 cum
322 447 530 487 uniuersali
567 448 631 488 illo
668 448 851 488 comitatu
890 448 938 487 ad
974 448 1103 487 locum
1141 447 1315 499 supplicii
1351 447 1460 495 redit,
1499 447 1620 486 filium

133 508 158 547 5
204 520 319 547 suum
348 513 438 547 ante
458 521 500 547 se
528 509 685 550 ducens.
731 508 856 556 Quem
877 520 963 546 cum
984 507 1124 546 iterum
1145 510 1335 546 nudatum
1364 507 1623 557 manibusque

203 572 416 607 retrorsum
444 567 566 618 ligatis
586 567 626 606 in
655 567 785 618 ignem
804 567 1057 606 uehementer
1087 580 1294 606 accensum
1314 567 1431 618 proici
1460 566 1621 615 iuberet,

202 639 290 667 ecce
309 627 576 667 Romanorum
597 627 752 677 quidam
780 627 939 666 indutus
958 631 1046 677 toga
1065 628 1247 677 muloque
1266 627 1428 665 morello
1447 626 1622 665 insidens

201 688 422 738 grandeuus
449 700 569 727 senex
589 687 737 727 cunctis
758 686 820 737 qui
851 687 1012 725 aderant
1032 686 1263 726 mirantibus
1285 686 1363 737 regi
1383 685 1620 737 Dolopathos

201 759 244 786 se
258 752 464 797 presentat.
506 747 631 795 Quem
650 760 739 786 cum
759 745 1038 786 officiosissime
1058 759 1146 785 cum
1166 745 1381 785 astantibus
1402 746 1620 793 salutasset,

132 805 183 845 10
200 805 326 856 querit
353 806 439 857 quis
473 806 534 845 ille
562 806 746 856 elegantis
782 806 905 844 forme
933 805 982 844 sit
1019 806 1243 845 adolescens
1282 806 1434 855 quodue
1472 805 1619 844 crimen

201 865 296 912 eius,
325 866 390 916 qui
416 865 513 905 tanti
542 865 672 916 populi
699 865 959 916 spectaculum
988 864 1160 914 tantique
1189 864 1288 915 ignis
1324 865 1508 916 pabulum
1537 864 1618 903 fieri

199 930 423 965 mereretur.
478 925 540 964 Ad
559 925 632 964 hec
660 929 766 976 pater
786 925 891 964 senis
912 924 1032 963 uerba
1060 924 1148 963 totis
1169 937 1285 975 super
1304 923 1381 963 filio
1401 930 1620 963 commotus

199 985 425 1033 uisceribus,
462 983 613 1024 iusticia
648 990 778 1024 tamen
808 983 1009 1035 rigoreque
1046 984 1149 1034 regio
1186 983 1367 1023 intimum
1405 983 1620 1034 reprimens

198 1043 318 1083 animi
347 1045 537 1084 dolorem:
568 1044 690 1092 Meus,
719 1043 854 1094 inquit,
884 1056 907 1082 0
927 1044 1139 1082 reuerende
1167 1056 1299 1090 seueri,
1329 1048 1386 1082 est
1414 1043 1485 1082 iste
1505 1043 1616 1091 filius,

129 1102 178 1142 15
199 1103 263 1154 qui
299 1109 389 1143 ante
426 1104 499 1143 hos
537 1104 670 1143 decem
707 1103 788 1142 dies
826 1117 849 1143 a
885 1102 1000 1142 scolis
1037 1102 1190 1141 rediens
1229 1102 1359 1142 nescio
1398 1115 1473 1153 quo
1502 1104 1620 1141 modo

199 1164 402 1203 obmutuit.
446 1164 562 1203 Hunc
582 1169 711 1203 autem
739 1163 873 1214 regina
890 1162 992 1202 intra
1012 1162 1227 1202 thalamum
1256 1175 1370 1201 suum
1391 1162 1618 1213 suscipiens,

198 1224 292 1263 dum
320 1224 354 1263 ei
378 1223 583 1274 'loquelam
617 1222 871 1274 polliceretur,
911 1222 1141 1270 adulterum,
1181 1221 1330 1273 paterni
1369 1222 1471 1261 thori
1508 1222 1619 1261 inua-

197 1296 326 1322 sorem
355 1282 468 1322 nobis
497 1296 599 1331 eum,
628 1288 780 1322 mutum
801 1281 1076 1321 nichilominus
1105 1281 1325 1332 resignauit.
1381 1281 1441 1321 Ob
1468 1286 1617 1321 tantum

196 1342 346 1382 facinus
374 1357 397 1383 a
424 1342 578 1394 regibus
607 1341 922 1394 principibusque
952 1341 1095 1381 nostris
1123 1342 1239 1381 talem
1269 1341 1502 1381 sententiam
1537 1354 1618 1380 sor-

125 1402 179 1441 20
198 1402 291 1442 titus
319 1407 387 1442 est.
431 1403 492 1441 Tu
511 1415 614 1453 ergo,
645 1402 829 1452 quoniam
857 1407 895 1441 te
922 1401 999 1441 huc
1017 1402 1172 1441 fortuna
1191 1401 1361 1449 adduxit,
1391 1400 1482 1451 quid
1501 1414 1618 1452 super

194 1463 271 1502 hoc
313 1462 382 1502 tibi
420 1462 596 1502 uideatur
638 1467 680 1501 ut
722 1461 826 1501 dicas
864 1462 1038 1509 obsecro,
1075 1474 1198 1512 genus
1235 1466 1346 1500 tuum
1381 1465 1418 1499 et
1451 1460 1615 1512 patriam

195 1522 462 1562 manifestans.
517 1521 569 1561 At
596 1521 675 1561 ille:
705 1521 819 1569 Civis,
848 1521 912 1569 ait,
942 1534 1028 1560 sum
1049 1521 1264 1568 Romanusy
1294 1525 1335 1559 ut
1360 1520 1516 1559 habitus
1536 1519 1618 1571 ipse

194 1595 306 1621 meus
343 1581 496 1630 indicat,
539 1595 718 1631 unusque
755 1582 802 1620 de
841 1586 989 1632 septem
1026 1580 1267 1631 sapientibus
1304 1579 1420 1627 dicor,
1464 1579 1618 1630 iamque

196 1654 264 1693 per
292 1655 418 1681 annos
438 1640 691 1692 quadraginta
719 1641 855 1680 orbem
875 1641 1024 1680 circueo
1044 1640 1139 1688 iura,
1168 1640 1284 1690 leges,
1314 1639 1453 1678 iudicia
1471 1652 1617 1678 mores-

124 1700 175 1739 25
195 1714 271 1752 que
308 1706 346 1740 et
383 1714 495 1740 casus
532 1701 737 1740 hominum
778 1700 1030 1751 inuestigatis,
1073 1705 1110 1739 et
1151 1700 1328 1738 nondum
1366 1699 1490 1738 simile
1526 1698 1617 1738 huic

195 1761 426 1800 miraculum
455 1760 616 1812 repperi,
647 1766 689 1800 ut
717 1765 824 1812 pater
859 1760 1017 1799 unicum
1047 1759 1167 1798 filium
1206 1759 1372 1798 flammis
1401 1758 1617 1798 exitialibus

195 1821 531 1872 condempnasset.
588 1820 732 1859 Verum
761 1826 803 1859 ut
832 1819 923 1870 quid
951 1819 1069 1859 michi
1105 1832 1220 1870 super
1253 1819 1329 1857 hoc
1357 1818 1533 1858 uideatur
1562 1818 1617 1857 in—

194 1879 360 1928 sinuem,
395 1884 488 1931 puto
517 1879 708 1931 principes
736 1885 823 1919 tuos
843 1879 943 1918 circa
970 1880 1073 1930 leges
1094 1879 1194 1918 male
1222 1878 1434 1917 intellectas
1463 1890 1614 1917 errasse

194 1952 239 1979 ac
267 1952 378 1979 secus
405 1944 571 1979 mortem
600 1944 637 1979 et
664 1939 894 1991 supplicium
923 1940 1025 1989 quod
1055 1939 1269 1978 decernunt
1301 1937 1366 1976 filii
1401 1937 1457 1977 tui
1484 1937 1614 1976 uitam

122 1999 176 2038 30
194 2003 232 2039 et
259 1998 474 2039 remedium
503 1998 691 2038 omisisse.
748 1999 861 2047 Quod
888 1998 940 2038 ita
968 1998 1049 2038 fieri
1078 1998 1248 2049 potuisse
1267 1997 1405 2037 melius
1434 2010 1501 2048 per
1529 2009 1616 2047 pro-

191 2058 313 2098 latum
332 2059 553 2110 exemplum
572 2059 779 2110 intelligas:
809 2059 978 2098 narrabo
998 2059 1101 2109 quod
1121 2058 1316 2108 quondam
1339 2057 1487 2097 accidit.
1531 2056 1616 2095 Hoc

316 2184 331 2218 1
362 2183 542 2219 Consilio.
562 2210 569 2217 .
590 2210 598 2218 .
612 2182 735 2217 habito
757 2182 888 2227 OPpV.
915 2203 960 2208 —
980 2183 998 2217 7
1018 2184 1053 2216 et
1078 2193 1160 2217 ecce
1189 2181 1218 2217 O
1236 2202 1280 2207 —
1298 2181 1444 2225 quidam
1471 2181 1560 2224 fehlt
1583 2182 1616 2215 L

192 2258 237 2263 ——
265 2248 356 2272 mor.
383 2237 473 2281 fehlt
504 2238 546 2278 V,
574 2236 705 2271 sorello
723 2237 765 2271 L.
794 2257 838 2261 —-
865 2236 887 2270 8
905 2235 1114 2279 cunctisque
1145 2236 1336 2279 OPpV.—
1364 2236 1385 2269 9
1411 2245 1449 2269 se
1475 2245 1617 2279 presen-

192 2291 284 2326 tauit
303 2291 344 2326 V.
372 2310 414 2315 -
442 2290 538 2334 cum]
565 2301 685 2325 coram
703 2301 742 2325 a.
767 2289 802 2325 V
821 2311 864 2315 —
895 2290 939 2324 10
955 2300 1055 2333 quer.
1073 2289 1133 2324 ille
1155 2289 1239 2333 OPp
1263 2310 1307 2314 —
1334 2289 1380 2323 sit
1396 2289 1486 2331 fehlt
1503 2289 1544 2323 L.
1571 2309 1615 2313 —

195 2344 304 2388 12114
329 2344 383 2379 Ad
401 2344 468 2379 hec
494 2370 502 2379 .
522 2369 557 2380 ..
584 2344 747 2379 dolorem
771 2343 862 2387 fehlt
879 2343 919 2379 V.
951 2364 995 2368 —
1034 2343 1077 2377 13
1108 2342 1200 2377 intffi
1236 2343 1334 2386 LOp.
1368 2363 1412 2367 —
1442 2342 1485 2376 14
1510 2353 1615 2376 uene-

191 2398 305 2433 rande
334 2397 469 2442 OPpV.
485 2416 527 2422 —
559 2397 600 2431 17
615 2408 653 2432 se
678 2397 900 2440 reddituram
926 2397 1020 2431 nach
1044 2396 1141 2440 loqu.
1157 2400 1305 2440 erqclnzt
1330 2396 1395 2430 Eb.
1410 2414 1452 2419 —
1480 2395 1613 2430 adulte-

190 2451 314 2488 rinum
335 2453 374 2486 V.
389 2471 435 2477 —
449 2451 490 2486 21
508 2461 693 2495 genusque
723 2450 811 2494 OPp
820 2450 859 2484 V.
875 2470 919 2475 —
946 2450 992 2484 23
1009 2449 1053 2484 de
1079 2453 1216 2494 septem
1231 2449 1434 2484 senioribus
1450 2448 1490 2490 O,
1518 2449 1561 2483 de
1586 2461 1613 2483 s.

191 2516 267 2550 sap.
281 2504 485 2540 senioribus
503 2505 541 2541 V.
556 2526 599 2530 —
615 2504 723 2547 24125
737 2515 856 2539 mores
870 2503 968 2538 hom.
981 2507 1016 2539 et
1028 2514 1156 2538 causas
1173 2503 1246 2538 inu.
1265 2503 1358 2547 OPp.
1373 2523 1418 2529 -
1444 2502 1489 2537 26
1516 2503 1549 2536 fl.
1564 2502 1615 2537 in-

190 2558 448 2604 extinguilibus
469 2558 507 2595 O.
528 2578 563 2584 —
580 2558 626 2593 28
641 2557 736 2592 circa
754 2559 822 2602 Lp,
841 2560 967 2592 contra
989 2558 1047 2591 die
1061 2558 1210 2601 abr-aym
1228 2558 1312 2592 Hss.
1331 2575 1372 2580 -
1387 2555 1481 2591 inter
1494 2556 1614 2591 literas

199 2623 269 2648 err.
295 2614 360 2658 Pp.
388 2634 431 2638 —
459 2612 504 2647 99
530 2611 620 2657 supl.
647 2612 743 2657 quod
774 2611 898 2646 dicunt
922 2621 1019 2646 nunc
1053 2612 1096 2648 V.
1122 2632 1166 2637 —
1192 2610 1267 2645 uite
1291 2609 1490 2646 remedium
1521 2611 1620 2646 Com'.

189 2667 255 2702 Eb.
278 2687 322 2693 —
338 2667 385 2702 30
398 2667 421 2701 f.
436 2665 553 2711 potuit
572 2666 660 2700 V—
679 2665 873 2710 probatum
890 2665 1023 2710 OPpV.
1041 2686 1085 2690 —
1100 2664 1142 2699 31
1157 2663 1220 2700 int.
1238 2663 1336 2709 quod
1360 2674 1456 2699 narr.
1484 2663 1560 2699 Hoc
1574 2663 1614 2699 0.
