1800 2930
854 192 1129 231 -30-

282 312 430 347 ceteros
459 319 624 358 persone
644 306 856 346 eminentia
874 306 1070 358 gloriaque
1089 307 1221 346 uultus
1241 311 1278 346 et
1296 305 1452 346 habitus
1480 305 1703 357 precellens,

280 367 424 406 hedera
445 365 584 406 uirenti
604 371 812 406 coronatus
831 371 947 417 caput
966 366 1205 417 ferulamque
1218 378 1376 405 auream
1395 378 1515 404 manu
1534 369 1703 416 gestans,

281 426 431 466 cunctis
460 426 705 477 stupentibus
724 430 815 466 ante
834 439 965 476 regem
993 425 1184 465 afauello
1204 438 1280 475 quo
1305 425 1519 464 uehebatur
1547 425 1703 463 descen-

281 485 336 525 dit
363 485 580 536 salutatque
607 498 738 536 regem
757 499 802 525 ac
830 485 1136 525 circumstantes.
1193 485 1352 524 Intueris
1372 490 1502 524 autem
1521 482 1702 523 iuuenem

237 549 262 587 5
282 545 432 584 nudum
460 544 736 595 flammamque
765 544 853 584 uisu
881 544 1091 584 terribilem
1119 544 1332 584 sciscitatur
1361 543 1452 594 quid
1490 541 1705 594 peccauerit

282 603 347 655 qui
374 609 455 643 tam
491 604 732 643 horrendum
761 604 891 655 populi
928 604 1193 655 spectaculum
1222 603 1271 643 sit
1308 603 1442 642 factus.
1498 602 1581 641 Rex
1610 614 1704 641 uero

281 663 410 715 ipsum
447 676 532 703 esse
569 676 684 703 suum
723 663 843 702 filium
878 663 1055 702 indicans
1095 662 1293 714 subiungit
1330 661 1497 702 reditum
1534 662 1617 701 eius
1653 661 1703 700 ab

281 723 394 762 scolis
423 728 458 762 et
494 723 689 773 quomodo
719 722 987 770 obmutuisset,
1017 723 1271 773 quamobrem
1299 722 1430 772 regine
1459 720 1704 769 commissus,

281 783 476 833 quomodo
503 782 659 821 interim
688 786 726 821 et
746 795 822 832 quo
852 781 1012 821 crimine
1031 782 1080 821 ab
1109 782 1193 833 ipsa
1212 787 1414 821 accusatus
1442 781 1490 820 sit
1509 792 1703 831 quamque

213 845 263 884 10
281 855 305 882 a
331 842 485 893 regibus
513 841 828 893 principibusque
856 842 984 881 tulerit
1014 841 1259 881 sententiam.
1315 842 1366 880 At
1390 854 1510 880 senex
1538 840 1703 879 nimium

281 914 396 952 super
423 902 499 941 hoc
535 914 577 940 se
605 901 801 941 ammirari
843 902 973 941 uultus
1010 901 1278 940 immutatione
1314 901 1554 952 significans:
1593 899 1702 947 Quis,

280 960 415 1011 inquit,
446 960 531 1000 sani
559 960 691 1011 capitis
720 961 877 1000 credere
906 960 1088 1000 iuuenem
1117 960 1237 1011 possit
1266 965 1344 1000 tam
1372 959 1555 1011 elegantis
1581 959 1703 998 forme

280 1019 538 1071 simplicisque
579 1021 710 1059 uultus
747 1020 954 1071 ipsumque
988 1020 1263 1071 philosophum
1302 1020 1402 1059 inter
1441 1024 1498 1058 tot
1533 1018 1702 1058 maxime

280 1084 463 1129 tantaque
482 1079 729 1118 incommoda
755 1084 908 1119 tantum
928 1079 1053 1118 scelus
1073 1079 1135 1118 uel
1155 1079 1285 1118 animo
1307 1078 1530 1130 concepisse
1557 1091 1602 1117 ac
1622 1091 1702 1117 non

213 1142 261 1180 15
280 1138 406 1190 potius
448 1138 730 1178 animaduertat
758 1138 933 1190 reginam
962 1138 1242 1190 inpudicasque
1268 1138 1414 1189 puellas
1457 1138 1538 1177 eius
1584 1137 1703 1176 fuisse

280 1197 565 1248 pulchritudine
592 1203 723 1249 captas
761 1210 943 1248 eumque,
980 1198 1070 1248 quia
1105 1211 1238 1237 earum
1275 1196 1424 1236 libidini
1461 1195 1702 1247 acquiescere

280 1257 457 1306 noluerit,
487 1258 575 1297 ficto
594 1258 656 1297 uel
676 1258 770 1297 falso
793 1257 955 1297 crimine
982 1257 1101 1296 fuisse
1129 1260 1377 1296 accusatum?
1417 1256 1540 1304 Certe,
1570 1269 1593 1295 o
1620 1269 1702 1303 reX,

279 1316 420 1356 ueteris
449 1316 643 1368 prouerbii
670 1316 898 1356 meminisse
918 1318 1107 1356 debueras
1134 1316 1285 1355 mulieri
1312 1315 1452 1356 scilicet
1482 1328 1561 1355 non
1580 1315 1702 1366 magis

280 1389 398 1426 quam
426 1376 620 1428 scorpioni
649 1377 887 1416 credendum
917 1390 1081 1428 eamque
1108 1376 1278 1416 maxime
1315 1375 1598 1427 precauendam
1628 1388 1702 1425 que

207 1441 262 1479 20
279 1435 321 1475 in
349 1436 437 1476 sinu
466 1442 531 1476 tuo
552 1436 743 1476 dormitet.
801 1436 878 1476 Sed
907 1450 956 1476 ne
976 1436 1136 1476 stultum
1155 1435 1481 1486 temerariumque
1507 1447 1572 1474 me
1590 1440 1701 1486 putes

280 1495 345 1547 qui
372 1495 447 1535 hoc
466 1497 637 1548 proferre
655 1497 836 1545 audeam,
865 1496 991 1536 ciuem
1010 1496 1233 1535 Romanum
1258 1507 1459 1546 unumque
1487 1495 1535 1534 de
1553 1499 1702 1545 septem

279 1554 518 1607 sapientibus
546 1569 610 1595 me
637 1568 723 1595 esse
751 1555 921 1603 noueris,
953 1569 977 1595 a
1005 1568 1080 1606 quo
1109 1556 1226 1595 etiam
1254 1555 1450 1594 fortunam
1478 1566 1553 1605 que
1581 1565 1702 1604 quon-

279 1615 371 1655 dam
398 1615 545 1664 accidit,
574 1620 616 1655 ut
643 1615 819 1655 mulieris
847 1614 999 1655 malicia
1026 1616 1235 1666 detegatur,
1272 1613 1405 1654 audire
1441 1619 1479 1653 te
1507 1612 1701 1653 conuenit.

279 1673 367 1714 Non
395 1675 558 1726 longum
600 1680 659 1714 est
701 1676 804 1725 quod
846 1680 1074 1715 narraturus
1116 1687 1216 1722 sum,
1259 1674 1512 1714 accommoda
1550 1677 1703 1712 tantum

207 1738 261 1776 25
279 1733 473 1785 paulisper
518 1747 632 1774 aures
674 1734 956 1785 strepitumque
995 1733 1265 1773 tumultuantis
1311 1733 1444 1784 populi
1488 1744 1700 1784 compesce.

280 1792 421 1833 Sedato
441 1793 572 1834 statim
591 1794 816 1834 auctoritate
836 1794 940 1846 regis
960 1793 1090 1845 populi
1118 1793 1285 1833 tumultu
1305 1791 1460 1843 sapiens
1478 1791 1551 1831 hiis
1571 1790 1701 1831 uerbis

279 1852 430 1905 incipit:

501 1953 739 2010 [Historia
772 1953 968 2010 septimi
1001 1951 1253 2008 sapientis:
1286 1951 1470 2008 Cygni]

280 2029 553 2118 Adolescens
596 2032 753 2083 quidam
792 2044 960 2084 magnus
1002 2032 1217 2072 secundum
1254 2043 1321 2070 eos
1359 2043 1456 2081 quos
1499 2029 1615 2081 uulgo
1652 2042 1700 2069 ex

380 2091 578 2132 nobilitate
606 2092 806 2144 sanguinis
834 2098 872 2132 et
891 2106 939 2132 ex
967 2105 1098 2132 rerum
1118 2090 1313 2143 opulentia
1331 2103 1495 2141 magnos
1513 2102 1700 2130 uocamus

208 2153 262 2192 30
281 2149 487 2202 aliquando
516 2151 656 2191 siluam
676 2165 769 2192 cum
789 2152 951 2192 canibus
970 2151 1143 2192 uenandi
1170 2150 1292 2203 gratia
1318 2150 1516 2202 ingressus
1543 2162 1699 2189 ceruam

280 2209 372 2250 niue
386 2211 661 2261 candidiorem,
691 2213 827 2252 decem
855 2212 895 2252 in
925 2212 1095 2263 quolibet
1123 2224 1246 2251 cornu
1272 2211 1482 2250 habentem
1510 2222 1640 2250 ramos
1658 2208 1699 2249 in

280 2270 442 2310 collibus
470 2270 631 2312 inuenit.
688 2272 816 2321 Quam
845 2272 1053 2324 fugientem
1091 2271 1173 2323 ipse
1201 2269 1323 2310 ueloci
1350 2282 1450 2321 equo
1483 2282 1551 2321 per
1578 2268 1699 2309 saltus

403 2377 419 2411 1
449 2376 672 2412 eminencior
696 2377 761 2421 Pp.
803 2396 842 2402 -
882 2377 904 2411 2
930 2375 1035 2411 viridi
1064 2375 1195 2421 OPpV.
1237 2394 1275 2400 —
1316 2375 1339 2410 3
1372 2374 1419 2409 ab
1444 2373 1554 2409 asello
1587 2373 1626 2407 V.
1656 2392 1695 2398 -

281 2430 304 2465 5
328 2429 363 2466 fl.
376 2440 413 2465 u.
425 2429 637 2466 horribilem
662 2432 699 2465 et
721 2433 746 2465 t.
764 2430 897 2475 OPpV.
935 2448 975 2455 —
1011 2430 1074 2473 516
1099 2428 1184 2474 quid
1210 2428 1301 2463 tanti
1325 2438 1408 2474 pop.
1421 2438 1476 2472 sp.
1493 2427 1627 2471 OPpV.
1656 2445 1694 2451 —-

283 2484 328 2519 10
351 2494 374 2518 a
396 2482 537 2527 legibus
562 2484 605 2518 L.
635 2502 674 2508 —
706 2484 749 2518 13
774 2482 936 2518 maxima
964 2483 1003 2518 0.
1033 2501 1072 2508 —
1104 2482 1148 2517 14
1171 2481 1272 2517 sc.in
1297 2491 1356 2517 an.
1377 2480 1627 2525 conc.OPpV.
1655 2498 1695 2504 —

280 2548 323 2573 ac
347 2547 421 2573 non
450 2537 550 2572 Goni.
567 2538 648 2579 E'b„
680 2547 728 2572 an
762 2547 837 2573 non
867 2538 926 2572 die
950 2538 1036 2573 Has.
1065 2555 1104 2562 -
1135 2536 1180 2571 15
1215 2534 1517 2571 animaduerteret
1547 2533 1626 2568 PV.
1655 2552 1695 2558 —

283 2590 390 2634 15116
415 2590 553 2637 puellas
589 2591 757 2636 deceptas
781 2590 919 2635 pulchr.
934 2601 1090 2635 eumque
1119 2590 1251 2635 oPpV.
1280 2608 1319 2614 -
1350 2589 1392 2624 17
1419 2588 1502 2623 ficto
1526 2586 1587 2622 uel
1607 2587 1698 2631 fehlt

285 2644 417 2690 oPpV.
447 2663 486 2670 —
514 2645 561 2680 20
586 2644 758 2680 dormiret
784 2645 885 2689 LOp.
915 2662 955 2669 -
983 2644 1030 2679 30
1053 2643 1100 2679 al.
1126 2643 1214 2687 fehlt
1240 2643 1297 2688 Pp
1331 2660 1370 2667 -
1407 2651 1556 2677 ceruum
1586 2641 1626 2676 L.
1655 2659 1694 2665 —

281 2698 390 2743 31132
415 2698 453 2733 in
478 2698 558 2735 coll.
584 2699 673 2744 fehlt
699 2699 741 2733 L.
772 2717 811 2723 —
839 2698 885 2734 32
911 2696 1030 2741 Quem
1055 2697 1090 2733 L
1119 2715 1159 2722 —
1187 2695 1348 2732 uelocius
1376 2695 1461 2740 opp
1471 2695 1514 2732 V.
