<?xml version="1.0" encoding="UTF-8"?>
<!DOCTYPE html PUBLIC "-//W3C//DTD XHTML 1.0 Transitional//EN"
    "http://www.w3.org/TR/xhtml1/DTD/xhtml1-transitional.dtd">
<html xmlns="http://www.w3.org/1999/xhtml" xml:lang="en" lang="en">
 <head>
  <title>
</title>
<meta http-equiv="Content-Type" content="text/html;charset=utf-8" />
  <meta name='ocr-system' content='tesseract 3.04.00' />
  <meta name='ocr-capabilities' content='ocr_page ocr_carea ocr_par ocr_line ocrx_word'/>
</head>
<body>
  <div class='ocr_page' id='page_1' title='image "./historiaseptemsa02hilkuoft_0093.png"; bbox 0 0 1800 2930; ppageno 0'>
   <div class='ocr_carea' id='block_1_1' title="bbox 782 137 1057 177">
    <p class='ocr_par' dir='ltr' id='par_1_1' title="bbox 782 137 1057 177">
     <span class='ocr_line' id='line_1_1' title="bbox 782 137 1057 177; baseline -0.007 -10"><span class='ocrx_word' id='word_1_1' title='bbox 782 137 1057 177; x_wconf 76' lang='lat'><strong>-75-</strong></span> 
     </span>
    </p>
   </div>
   <div class='ocr_carea' id='block_1_2' title="bbox 208 250 1702 1369">
    <p class='ocr_par' dir='ltr' id='par_1_2' title="bbox 208 250 1702 1369">
     <span class='ocr_line' id='line_1_2' title="bbox 212 250 1627 304; baseline -0.001 -12"><span class='ocrx_word' id='word_1_2' title='bbox 212 251 431 304; x_wconf 74' lang='lat' dir='ltr'>septiesque</span> <span class='ocrx_word' id='word_1_3' title='bbox 463 256 637 292; x_wconf 85' lang='lat' dir='ltr'><strong>retentus</strong></span> <span class='ocrx_word' id='word_1_4' title='bbox 670 264 772 299; x_wconf 71' lang='grc' dir='ltr'>ειιω,</span> <span class='ocrx_word' id='word_1_5' title='bbox 800 256 839 292; x_wconf 89' lang='lat' dir='ltr'><strong>et</strong></span> <span class='ocrx_word' id='word_1_6' title='bbox 867 256 998 292; x_wconf 85' lang='lat' dir='ltr'><strong>tamen</strong></span> <span class='ocrx_word' id='word_1_7' title='bbox 1025 264 1181 303; x_wconf 77' lang='lat' dir='ltr'>semper</span> <span class='ocrx_word' id='word_1_8' title='bbox 1208 264 1351 291; x_wconf 85' lang='lat' dir='ltr'><strong>manus</strong></span> <span class='ocrx_word' id='word_1_9' title='bbox 1386 250 1470 291; x_wconf 90' lang='lat' dir='ltr'><strong>eius</strong></span> <span class='ocrx_word' id='word_1_10' title='bbox 1507 250 1627 291; x_wconf 86' lang='lat' dir='ltr'><strong>euasi.</strong></span> 
     </span>
     <span class='ocr_line' id='line_1_3' title="bbox 212 309 1629 358; baseline -0.001 -7"><span class='ocrx_word' id='word_1_11' title='bbox 212 311 275 351; x_wconf 80' lang='lat' dir='ltr'><strong>Ad</strong></span> <span class='ocrx_word' id='word_1_12' title='bbox 301 316 518 352; x_wconf 85' lang='lat' dir='ltr'><strong>extremum</strong></span> <span class='ocrx_word' id='word_1_13' title='bbox 546 324 641 351; x_wconf 91' lang='lat' dir='ltr'><strong>uero</strong></span> <span class='ocrx_word' id='word_1_14' title='bbox 676 323 766 350; x_wconf 89' lang='lat' dir='ltr'><strong>cum</strong></span> <span class='ocrx_word' id='word_1_15' title='bbox 794 311 868 350; x_wconf 90' lang='lat' dir='ltr'><strong>sub</strong></span> <span class='ocrx_word' id='word_1_16' title='bbox 896 323 1058 350; x_wconf 86' lang='lat' dir='ltr'><strong>manum</strong></span> <span class='ocrx_word' id='word_1_17' title='bbox 1094 311 1178 351; x_wconf 89' lang='lat' dir='ltr'><strong>eius</strong></span> <span class='ocrx_word' id='word_1_18' title='bbox 1205 310 1415 358; x_wconf 82' lang='lat' dir='ltr'><strong>uenissem,</strong></span> <span class='ocrx_word' id='word_1_19' title='bbox 1452 322 1541 350; x_wconf 85' lang='lat' dir='ltr'><strong>ecce</strong></span> <span class='ocrx_word' id='word_1_20' title='bbox 1565 309 1629 350; x_wconf 90' lang='lat' dir='ltr'><strong>ille</strong></span> 
     </span>
     <span class='ocr_line' id='line_1_4' title="bbox 214 368 1629 423; baseline -0.002 -12"><span class='ocrx_word' id='word_1_21' title='bbox 214 383 278 411; x_wconf 88' lang='lat' dir='ltr'><strong>me</strong></span> <span class='ocrx_word' id='word_1_22' title='bbox 304 370 468 423; x_wconf 77' lang='lat' dir='ltr'><strong>palpans</strong></span> <span class='ocrx_word' id='word_1_23' title='bbox 503 370 624 410; x_wconf 81' lang='lat' dir='ltr'><strong>iratus</strong></span> <span class='ocrx_word' id='word_1_24' title='bbox 658 368 774 410; x_wconf 87' lang='lat' dir='ltr'><strong>nimis</strong></span> <span class='ocrx_word' id='word_1_25' title='bbox 810 375 920 410; x_wconf 84' lang='lat' dir='ltr'><strong>extra</strong></span> <span class='ocrx_word' id='word_1_26' title='bbox 946 370 1091 409; x_wconf 89' lang='lat' dir='ltr'><strong>ostium</strong></span> <span class='ocrx_word' id='word_1_27' title='bbox 1127 382 1192 409; x_wconf 90' lang='lat' dir='ltr'><strong>me</strong></span> <span class='ocrx_word' id='word_1_28' title='bbox 1218 369 1380 421; x_wconf 78' lang='lat' dir='ltr'>expulit:</span> <span class='ocrx_word' id='word_1_29' title='bbox 1417 369 1535 417; x_wconf 83' lang='lat' dir='ltr'>Vade,</span> <span class='ocrx_word' id='word_1_30' title='bbox 1572 368 1629 408; x_wconf 85' lang='lat' dir='ltr'><strong>in·</strong></span> 
     </span>
     <span class='ocr_line' id='line_1_5' title="bbox 212 427 1627 482; baseline -0.001 -12"><span class='ocrx_word' id='word_1_31' title='bbox 212 429 363 481; x_wconf 70' lang='lat' dir='ltr'><strong>quiem,</strong></span> <span class='ocrx_word' id='word_1_32' title='bbox 381 429 461 482; x_wconf 90' lang='lat' dir='ltr'><strong>lupi</strong></span> <span class='ocrx_word' id='word_1_33' title='bbox 479 435 518 470; x_wconf 90' lang='lat' dir='ltr'><strong>te</strong></span> <span class='ocrx_word' id='word_1_34' title='bbox 530 429 735 470; x_wconf 84' lang='lat' dir='ltr'><strong>comedant</strong></span> <span class='ocrx_word' id='word_1_35' title='bbox 753 429 818 480; x_wconf 93' lang='lat' dir='ltr'><strong>qui</strong></span> <span class='ocrx_word' id='word_1_36' title='bbox 836 428 912 468; x_wconf 91' lang='lat' dir='ltr'><strong>iam</strong></span> <span class='ocrx_word' id='word_1_37' title='bbox 928 429 1071 469; x_wconf 83' lang='lat' dir='ltr'><strong>totiens</strong></span> <span class='ocrx_word' id='word_1_38' title='bbox 1089 429 1414 469; x_wconf 89' lang='lat' dir='ltr'><strong>dominumtuum</strong></span> <span class='ocrx_word' id='word_1_39' title='bbox 1433 427 1627 480; x_wconf 74' lang='lat' dir='ltr'><strong>decepisti.</strong></span> 
     </span>
     <span class='ocr_line' id='line_1_6' title="bbox 212 486 1700 541; baseline -0.002 -12"><span class='ocrx_word' id='word_1_40' title='bbox 212 489 295 541; x_wconf 81' lang='lat' dir='ltr'><strong>Ego</strong></span> <span class='ocrx_word' id='word_1_41' title='bbox 320 494 451 529; x_wconf 84' lang='lat' dir='ltr'><strong>autem</strong></span> <span class='ocrx_word' id='word_1_42' title='bbox 477 488 636 529; x_wconf 85' lang='lat' dir='ltr'><strong>euulsus</strong></span> <span class='ocrx_word' id='word_1_43' title='bbox 663 487 712 528; x_wconf 88' lang='lat' dir='ltr'><strong>ab</strong></span> <span class='ocrx_word' id='word_1_44' title='bbox 740 501 787 528; x_wconf 89' lang='lat' dir='ltr'><strong>eo</strong></span> <span class='ocrx_word' id='word_1_45' title='bbox 806 493 996 538; x_wconf 88' lang='lat' dir='ltr'><strong>quantum</strong></span> <span class='ocrx_word' id='word_1_46' title='bbox 1014 487 1135 527; x_wconf 89' lang='lat' dir='ltr'><strong>iactus</strong></span> <span class='ocrx_word' id='word_1_47' title='bbox 1163 492 1222 527; x_wconf 61' lang='lat' dir='ltr'><strong>est</strong></span> <span class='ocrx_word' id='word_1_48' title='bbox 1248 487 1385 539; x_wconf 88' lang='lat' dir='ltr'><strong>lapidis</strong></span> <span class='ocrx_word' id='word_1_49' title='bbox 1411 487 1492 539; x_wconf 90' lang='lat' dir='ltr'><strong>cepi</strong></span> <span class='ocrx_word' id='word_1_50' title='bbox 1511 486 1629 527; x_wconf 85' lang='lat' dir='ltr'><strong>insul·</strong></span> <span class='ocrx_word' id='word_1_51' title='bbox 1674 486 1700 526; x_wconf 87' lang='grc'>5</span> 
     </span>
     <span class='ocr_line' id='line_1_7' title="bbox 213 546 1629 599; baseline -0.003 -10"><span class='ocrx_word' id='word_1_52' title='bbox 213 553 296 589; x_wconf 85' lang='lat' dir='ltr'><strong>tare</strong></span> <span class='ocrx_word' id='word_1_53' title='bbox 322 548 357 588; x_wconf 89' lang='lat' dir='ltr'><strong>ei</strong></span> <span class='ocrx_word' id='word_1_54' title='bbox 391 548 493 599; x_wconf 88' lang='lat' dir='ltr'><strong>quod</strong></span> <span class='ocrx_word' id='word_1_55' title='bbox 527 547 668 588; x_wconf 87' lang='lat' dir='ltr'><strong>totiens</strong></span> <span class='ocrx_word' id='word_1_56' title='bbox 703 547 907 598; x_wconf 84' lang='lat' dir='ltr'><strong>deceptum</strong></span> <span class='ocrx_word' id='word_1_57' title='bbox 935 547 1160 587; x_wconf 84' lang='lat' dir='ltr'><strong>euasissem.</strong></span> <span class='ocrx_word' id='word_1_58' title='bbox 1215 546 1302 598; x_wconf 86' lang='lat' dir='ltr'><strong>lpse</strong></span> <span class='ocrx_word' id='word_1_59' title='bbox 1338 559 1432 586; x_wconf 91' lang='lat' dir='ltr'><strong>uero</strong></span> <span class='ocrx_word' id='word_1_60' title='bbox 1467 546 1629 586; x_wconf 88' lang='lat' dir='ltr'><strong>anulum</strong></span> 
     </span>
     <span class='ocr_line' id='line_1_8' title="bbox 211 605 1628 658; baseline -0.002 -11"><span class='ocrx_word' id='word_1_61' title='bbox 211 620 374 648; x_wconf 84' lang='lat' dir='ltr'><strong>aureum</strong></span> <span class='ocrx_word' id='word_1_62' title='bbox 393 608 442 647; x_wconf 91' lang='lat' dir='ltr'><strong>de</strong></span> <span class='ocrx_word' id='word_1_63' title='bbox 458 606 576 658; x_wconf 78' lang='lat' dir='ltr'>digito</span> <span class='ocrx_word' id='word_1_64' title='bbox 594 606 845 646; x_wconf 86' lang='lat' dir='ltr'><strong>abstrahens:</strong></span> <span class='ocrx_word' id='word_1_65' title='bbox 874 606 995 651; x_wconf 85' lang='lat' dir='ltr'><strong>Tene.</strong></span> <span class='ocrx_word' id='word_1_66' title='bbox 1025 606 1089 654; x_wconf 84' lang='lat' dir='ltr'><strong>ait,</strong></span> <span class='ocrx_word' id='word_1_67' title='bbox 1118 618 1188 657; x_wconf 92' lang='lat' dir='ltr'><strong>pro</strong></span> <span class='ocrx_word' id='word_1_68' title='bbox 1206 618 1386 653; x_wconf 88' lang='lat' dir='ltr'><strong>munere;</strong></span> <span class='ocrx_word' id='word_1_69' title='bbox 1416 618 1495 645; x_wconf 89' lang='lat' dir='ltr'><strong>non</strong></span> <span class='ocrx_word' id='word_1_70' title='bbox 1524 605 1628 645; x_wconf 85' lang='lat' dir='ltr'><strong>enim</strong></span> 
     </span>
     <span class='ocr_line' id='line_1_9' title="bbox 212 664 1629 707; baseline -0.003 0"><span class='ocrx_word' id='word_1_71' title='bbox 212 667 321 707; x_wconf 83' lang='lat' dir='ltr'><strong>decet</strong></span> <span class='ocrx_word' id='word_1_72' title='bbox 339 672 377 706; x_wconf 87' lang='lat' dir='ltr'><strong>te</strong></span> <span class='ocrx_word' id='word_1_73' title='bbox 395 679 420 706; x_wconf 89' lang='lat' dir='ltr'><strong>a</strong></span> <span class='ocrx_word' id='word_1_74' title='bbox 437 671 546 706; x_wconf 87' lang='lat' dir='ltr'><strong>tanto</strong></span> <span class='ocrx_word' id='word_1_75' title='bbox 564 665 648 705; x_wconf 91' lang='lat' dir='ltr'><strong>uiro</strong></span> <span class='ocrx_word' id='word_1_76' title='bbox 666 665 870 705; x_wconf 89' lang='lat' dir='ltr'><strong>inmunem</strong></span> <span class='ocrx_word' id='word_1_77' title='bbox 889 665 1037 706; x_wconf 84' lang='lat' dir='ltr'><strong>dimitti.</strong></span> <span class='ocrx_word' id='word_1_78' title='bbox 1078 665 1305 704; x_wconf 88' lang='lat' dir='ltr'><strong>Porrectum</strong></span> <span class='ocrx_word' id='word_1_79' title='bbox 1324 664 1442 704; x_wconf 88' lang='lat' dir='ltr'><strong>michi</strong></span> <span class='ocrx_word' id='word_1_80' title='bbox 1468 664 1629 704; x_wconf 86' lang='lat' dir='ltr'><strong>anulum</strong></span> 
     </span>
     <span class='ocr_line' id='line_1_10' title="bbox 212 723 1629 776; baseline -0.002 -11"><span class='ocrx_word' id='word_1_81' title='bbox 212 724 355 766; x_wconf 83' lang='lat' dir='ltr'><strong>inserui</strong></span> <span class='ocrx_word' id='word_1_82' title='bbox 381 725 512 776; x_wconf 77' lang='lat' dir='ltr'><strong>digito,</strong></span> <span class='ocrx_word' id='word_1_83' title='bbox 541 724 751 775; x_wconf 79' lang='lat' dir='ltr'><strong>statimque</strong></span> <span class='ocrx_word' id='word_1_84' title='bbox 778 724 909 764; x_wconf 89' lang='lat' dir='ltr'><strong>nescio</strong></span> <span class='ocrx_word' id='word_1_85' title='bbox 937 724 1077 775; x_wconf 89' lang='lat' dir='ltr'><strong>quibus</strong></span> <span class='ocrx_word' id='word_1_86' title='bbox 1096 723 1292 763; x_wconf 83' lang='lat' dir='ltr'><strong>maleficiis</strong></span> <span class='ocrx_word' id='word_1_87' title='bbox 1311 729 1446 775; x_wconf 87' lang='lat' dir='ltr'><strong>captus</strong></span> <span class='ocrx_word' id='word_1_88' title='bbox 1465 723 1629 774; x_wconf 84' lang='lat' dir='ltr'><strong>cogebar</strong></span> 
     </span>
     <span class='ocr_line' id='line_1_11' title="bbox 211 782 1702 835; baseline -0.002 -11"><span class='ocrx_word' id='word_1_89' title='bbox 211 784 340 824; x_wconf 90' lang='lat' dir='ltr'><strong>eundo</strong></span> <span class='ocrx_word' id='word_1_90' title='bbox 357 783 543 824; x_wconf 87' lang='lat' dir='ltr'><strong>clamare:</strong></span> <span class='ocrx_word' id='word_1_91' title='bbox 571 784 669 824; x_wconf 87' lang='lat' dir='ltr'><strong>Ecce</strong></span> <span class='ocrx_word' id='word_1_92' title='bbox 687 797 771 835; x_wconf 89' lang='lat' dir='ltr'><strong>ego,</strong></span> <span class='ocrx_word' id='word_1_93' title='bbox 800 796 889 824; x_wconf 86' lang='lat' dir='ltr'><strong>ecce</strong></span> <span class='ocrx_word' id='word_1_94' title='bbox 916 796 999 834; x_wconf 86' lang='lat' dir='ltr'><strong>ego.</strong></span> <span class='ocrx_word' id='word_1_95' title='bbox 1041 783 1128 834; x_wconf 90' lang='lat' dir='ltr'><strong>lpse</strong></span> <span class='ocrx_word' id='word_1_96' title='bbox 1146 795 1240 822; x_wconf 90' lang='lat' dir='ltr'><strong>uero</strong></span> <span class='ocrx_word' id='word_1_97' title='bbox 1258 795 1496 833; x_wconf 89' lang='lat' dir='ltr'><strong>quamquam</strong></span> <span class='ocrx_word' id='word_1_98' title='bbox 1515 795 1628 822; x_wconf 90' lang='lat' dir='ltr'><strong>cecus</strong></span> <span class='ocrx_word' id='word_1_99' title='bbox 1651 782 1702 820; x_wconf 89' lang='grc'><strong>10</strong></span> 
     </span>
     <span class='ocr_line' id='line_1_12' title="bbox 212 842 1630 896; baseline -0.001 -14"><span class='ocrx_word' id='word_1_100' title='bbox 212 843 357 896; x_wconf 83' lang='lat' dir='ltr'><strong>perpeti</strong></span> <span class='ocrx_word' id='word_1_101' title='bbox 386 849 515 884; x_wconf 87' lang='lat' dir='ltr'><strong>tamen</strong></span> <span class='ocrx_word' id='word_1_102' title='bbox 545 855 662 883; x_wconf 88' lang='lat' dir='ltr'><strong>cursu</strong></span> <span class='ocrx_word' id='word_1_103' title='bbox 690 855 827 883; x_wconf 83' lang='lat' dir='ltr'><strong>uocem</strong></span> <span class='ocrx_word' id='word_1_104' title='bbox 856 842 1059 882; x_wconf 86' lang='lat' dir='ltr'><strong>clamantis</strong></span> <span class='ocrx_word' id='word_1_105' title='bbox 1095 855 1263 893; x_wconf 87' lang='lat' dir='ltr'><strong>sequens</strong></span> <span class='ocrx_word' id='word_1_106' title='bbox 1290 842 1443 881; x_wconf 85' lang='lat' dir='ltr'><strong>minora</strong></span> <span class='ocrx_word' id='word_1_107' title='bbox 1478 854 1630 892; x_wconf 85' lang='lat' dir='ltr'>queque</span> 
     </span>
     <span class='ocr_line' id='line_1_13' title="bbox 211 901 1629 953; baseline -0.002 -10"><span class='ocrx_word' id='word_1_108' title='bbox 211 902 449 943; x_wconf 75' lang='lat' dir='ltr'><strong>transiliebat</strong></span> <span class='ocrx_word' id='word_1_109' title='bbox 466 903 626 943; x_wconf 86' lang='lat' dir='ltr'><strong>arbusta</strong></span> <span class='ocrx_word' id='word_1_110' title='bbox 644 903 922 953; x_wconf 79' lang='lat' dir='ltr'><strong>offendensque</strong></span> <span class='ocrx_word' id='word_1_111' title='bbox 940 902 1134 942; x_wconf 91' lang='lat' dir='ltr'><strong>interdum</strong></span> <span class='ocrx_word' id='word_1_112' title='bbox 1154 901 1315 953; x_wconf 88' lang='lat' dir='ltr'><strong>pedibus</strong></span> <span class='ocrx_word' id='word_1_113' title='bbox 1334 901 1445 952; x_wconf 86' lang='lat' dir='ltr'><strong>quasi</strong></span> <span class='ocrx_word' id='word_1_114' title='bbox 1463 901 1629 951; x_wconf 88' lang='lat' dir='ltr'><strong>quedam</strong></span> 
     </span>
     <span class='ocr_line' id='line_1_14' title="bbox 210 960 1630 1012; baseline -0.002 -10"><span class='ocrx_word' id='word_1_115' title='bbox 210 962 334 1002; x_wconf 87' lang='lat' dir='ltr'><strong>moles</strong></span> <span class='ocrx_word' id='word_1_116' title='bbox 360 962 533 1003; x_wconf 83' lang='lat' dir='ltr'><strong>maxima</strong></span> <span class='ocrx_word' id='word_1_117' title='bbox 559 963 775 1002; x_wconf 86' lang='lat' dir='ltr'><strong>corruebat.</strong></span> <span class='ocrx_word' id='word_1_118' title='bbox 831 962 975 1001; x_wconf 87' lang='lat' dir='ltr'><strong>Verum</strong></span> <span class='ocrx_word' id='word_1_119' title='bbox 1012 974 1103 1001; x_wconf 89' lang='lat' dir='ltr'><strong>cum</strong></span> <span class='ocrx_word' id='word_1_120' title='bbox 1131 961 1208 1000; x_wconf 89' lang='lat' dir='ltr'><strong>iam</strong></span> <span class='ocrx_word' id='word_1_121' title='bbox 1244 960 1362 1000; x_wconf 89' lang='lat' dir='ltr'><strong>michi</strong></span> <span class='ocrx_word' id='word_1_122' title='bbox 1390 960 1630 1012; x_wconf 89' lang='lat' dir='ltr'><strong>propinquus</strong></span> 
     </span>
     <span class='ocr_line' id='line_1_15' title="bbox 209 1018 1630 1073; baseline -0.003 -11"><span class='ocrx_word' id='word_1_123' title='bbox 209 1021 318 1062; x_wconf 83' lang='lat' dir='ltr'><strong>fieret</strong></span> <span class='ocrx_word' id='word_1_124' title='bbox 345 1034 419 1062; x_wconf 90' lang='lat' dir='ltr'><strong>nec</strong></span> <span class='ocrx_word' id='word_1_125' title='bbox 445 1034 517 1073; x_wconf 90' lang='lat' dir='ltr'><strong>ego</strong></span> <span class='ocrx_word' id='word_1_126' title='bbox 536 1035 560 1061; x_wconf 89' lang='lat' dir='ltr'><strong>a</strong></span> <span class='ocrx_word' id='word_1_127' title='bbox 578 1021 746 1062; x_wconf 87' lang='lat' dir='ltr'><strong>clamore</strong></span> <span class='ocrx_word' id='word_1_128' title='bbox 773 1026 988 1072; x_wconf 87' lang='lat' dir='ltr'><strong>temperare</strong></span> <span class='ocrx_word' id='word_1_129' title='bbox 1007 1034 1164 1072; x_wconf 87' lang='lat' dir='ltr'><strong>possem</strong></span> <span class='ocrx_word' id='word_1_130' title='bbox 1183 1033 1254 1059; x_wconf 88' lang='lat' dir='ltr'><strong>nec</strong></span> <span class='ocrx_word' id='word_1_131' title='bbox 1282 1019 1444 1060; x_wconf 90' lang='lat' dir='ltr'><strong>anulum</strong></span> <span class='ocrx_word' id='word_1_132' title='bbox 1471 1033 1495 1059; x_wconf 91' lang='lat' dir='ltr'><strong>a</strong></span> <span class='ocrx_word' id='word_1_133' title='bbox 1512 1018 1630 1070; x_wconf 81' lang='lat' dir='ltr'><strong>digito</strong></span> 
     </span>
     <span class='ocr_line' id='line_1_16' title="bbox 208 1077 1701 1132; baseline -0.003 -11"><span class='ocrx_word' id='word_1_134' title='bbox 208 1080 386 1129; x_wconf 74' lang='lat' dir='ltr'><strong>menete,</strong></span> <span class='ocrx_word' id='word_1_135' title='bbox 414 1086 569 1121; x_wconf 83' lang='lat' dir='ltr'><strong>coactus</strong></span> <span class='ocrx_word' id='word_1_136' title='bbox 596 1093 685 1120; x_wconf 88' lang='lat' dir='ltr'><strong>sum</strong></span> <span class='ocrx_word' id='word_1_137' title='bbox 712 1080 841 1132; x_wconf 86' lang='lat' dir='ltr'><strong>ipsum</strong></span> <span class='ocrx_word' id='word_1_138' title='bbox 868 1080 1029 1131; x_wconf 83' lang='lat' dir='ltr'><strong>digitum</strong></span> <span class='ocrx_word' id='word_1_139' title='bbox 1066 1093 1156 1120; x_wconf 91' lang='lat' dir='ltr'><strong>cum</strong></span> <span class='ocrx_word' id='word_1_140' title='bbox 1184 1079 1302 1119; x_wconf 88' lang='lat' dir='ltr'><strong>anulo</strong></span> <span class='ocrx_word' id='word_1_141' title='bbox 1328 1079 1507 1118; x_wconf 86' lang='lat' dir='ltr'><strong>dentibus</strong></span> <span class='ocrx_word' id='word_1_142' title='bbox 1542 1078 1630 1118; x_wconf 87' lang='lat' dir='ltr'><strong>abs—</strong></span> <span class='ocrx_word' id='word_1_143' title='bbox 1652 1077 1701 1116; x_wconf 88' lang='lat'><strong>15</strong></span> 
     </span>
     <span class='ocr_line' id='line_1_17' title="bbox 211 1138 1629 1192; baseline -0.002 -12"><span class='ocrx_word' id='word_1_144' title='bbox 211 1139 339 1180; x_wconf 83' lang='lat' dir='ltr'><strong>cidere</strong></span> <span class='ocrx_word' id='word_1_145' title='bbox 375 1139 623 1192; x_wconf 82' lang='lat' dir='ltr'><strong>proicereque</strong></span> <span class='ocrx_word' id='word_1_146' title='bbox 655 1140 696 1180; x_wconf 91' lang='lat' dir='ltr'><strong>in</strong></span> <span class='ocrx_word' id='word_1_147' title='bbox 735 1153 838 1179; x_wconf 90' lang='lat' dir='ltr'><strong>eum.</strong></span> <span class='ocrx_word' id='word_1_148' title='bbox 894 1140 1035 1191; x_wconf 90' lang='lat' dir='ltr'><strong>Sicque</strong></span> <span class='ocrx_word' id='word_1_149' title='bbox 1071 1139 1279 1179; x_wconf 85' lang='lat' dir='ltr'><strong>amissione</strong></span> <span class='ocrx_word' id='word_1_150' title='bbox 1315 1138 1469 1178; x_wconf 90' lang='lat' dir='ltr'><strong>menbri</strong></span> <span class='ocrx_word' id='word_1_151' title='bbox 1504 1143 1629 1178; x_wconf 91' lang='lat' dir='ltr'><strong>totum</strong></span> 
     </span>
     <span class='ocr_line' id='line_1_18' title="bbox 208 1197 1628 1251; baseline -0.002 -11"><span class='ocrx_word' id='word_1_152' title='bbox 208 1199 260 1240; x_wconf 88' lang='lat' dir='ltr'><strong>ab</strong></span> <span class='ocrx_word' id='word_1_153' title='bbox 286 1200 505 1240; x_wconf 85' lang='lat' dir='ltr'><strong>imminenti</strong></span> <span class='ocrx_word' id='word_1_154' title='bbox 530 1205 656 1240; x_wconf 88' lang='lat' dir='ltr'><strong>morte</strong></span> <span class='ocrx_word' id='word_1_155' title='bbox 683 1200 837 1239; x_wconf 86' lang='lat' dir='ltr'><strong>seruaui</strong></span> <span class='ocrx_word' id='word_1_156' title='bbox 865 1212 1018 1251; x_wconf 86' lang='lat' dir='ltr'><strong>corpus.</strong></span> <span class='ocrx_word' id='word_1_157' title='bbox 1045 1221 1099 1227; x_wconf 87' lang='lat'><strong>--</strong></span> <span class='ocrx_word' id='word_1_158' title='bbox 1126 1198 1211 1238; x_wconf 89' lang='lat' dir='ltr'><strong>Hiis</strong></span> <span class='ocrx_word' id='word_1_159' title='bbox 1240 1198 1347 1238; x_wconf 83' lang='lat' dir='ltr'><strong>dictis</strong></span> <span class='ocrx_word' id='word_1_160' title='bbox 1375 1199 1490 1238; x_wconf 85' lang='lat' dir='ltr'><strong>latro:</strong></span> <span class='ocrx_word' id='word_1_161' title='bbox 1518 1197 1628 1245; x_wconf 87' lang='lat' dir='ltr'><strong>Ecce,</strong></span> 
     </span>
     <span class='ocr_line' id='line_1_19' title="bbox 208 1258 1628 1310; baseline -0.003 -11"><span class='ocrx_word' id='word_1_162' title='bbox 208 1259 264 1300; x_wconf 90' lang='lat' dir='ltr'><strong>ait</strong></span> <span class='ocrx_word' id='word_1_163' title='bbox 289 1260 339 1299; x_wconf 89' lang='lat' dir='ltr'><strong>ad</strong></span> <span class='ocrx_word' id='word_1_164' title='bbox 367 1259 555 1310; x_wconf 76' lang='lat' dir='ltr'><strong>reginam,</strong></span> <span class='ocrx_word' id='word_1_165' title='bbox 582 1258 713 1299; x_wconf 89' lang='lat' dir='ltr'><strong>multis</strong></span> <span class='ocrx_word' id='word_1_166' title='bbox 741 1258 809 1299; x_wconf 90' lang='lat' dir='ltr'><strong>tibi</strong></span> <span class='ocrx_word' id='word_1_167' title='bbox 828 1258 1006 1310; x_wconf 85' lang='lat' dir='ltr'><strong>periculis</strong></span> <span class='ocrx_word' id='word_1_168' title='bbox 1034 1259 1108 1298; x_wconf 90' lang='lat' dir='ltr'><strong>sub</strong></span> <span class='ocrx_word' id='word_1_169' title='bbox 1137 1271 1217 1298; x_wconf 92' lang='lat' dir='ltr'><strong>uno</strong></span> <span class='ocrx_word' id='word_1_170' title='bbox 1236 1270 1329 1297; x_wconf 87' lang='lat' dir='ltr'><strong>casu</strong></span> <span class='ocrx_word' id='word_1_171' title='bbox 1357 1270 1427 1308; x_wconf 88' lang='lat' dir='ltr'><strong>pro</strong></span> <span class='ocrx_word' id='word_1_172' title='bbox 1455 1258 1628 1308; x_wconf 86' lang='lat' dir='ltr'><strong>redemp-</strong></span> 
     </span>
     <span class='ocr_line' id='line_1_20' title="bbox 212 1316 1627 1369; baseline -0.002 -11"><span class='ocrx_word' id='word_1_173' title='bbox 212 1318 317 1358; x_wconf 87' lang='lat' dir='ltr'><strong>tione</strong></span> <span class='ocrx_word' id='word_1_174' title='bbox 345 1318 410 1358; x_wconf 80' lang='lat' dir='ltr'><strong>filii</strong></span> <span class='ocrx_word' id='word_1_175' title='bbox 429 1318 594 1358; x_wconf 83' lang='lat' dir='ltr'><strong>narratis</strong></span> <span class='ocrx_word' id='word_1_176' title='bbox 612 1323 650 1358; x_wconf 88' lang='lat' dir='ltr'><strong>et</strong></span> <span class='ocrx_word' id='word_1_177' title='bbox 667 1318 763 1358; x_wconf 91' lang='lat' dir='ltr'><strong>alios</strong></span> <span class='ocrx_word' id='word_1_178' title='bbox 782 1318 900 1358; x_wconf 86' lang='lat' dir='ltr'><strong>etiam</strong></span> <span class='ocrx_word' id='word_1_179' title='bbox 918 1331 988 1369; x_wconf 92' lang='lat' dir='ltr'><strong>pro</strong></span> <span class='ocrx_word' id='word_1_180' title='bbox 1007 1317 1163 1369; x_wconf 85' lang='lat' dir='ltr'><strong>reliquis</strong></span> <span class='ocrx_word' id='word_1_181' title='bbox 1182 1322 1347 1357; x_wconf 88' lang='lat' dir='ltr'><strong>euentus</strong></span> <span class='ocrx_word' id='word_1_182' title='bbox 1372 1316 1627 1367; x_wconf 85' lang='lat' dir='ltr'><strong>subiungam:</strong></span> 
     </span>
    </p>
   </div>
   <div class='ocr_carea' id='block_1_3' title="bbox 207 1418 1701 2203">
    <p class='ocr_par' dir='ltr' id='par_1_3' title="bbox 792 1418 1044 1475">
     <span class='ocr_line' id='line_1_21' title="bbox 792 1418 1044 1475; baseline -0.008 -11"><span class='ocrx_word' id='word_1_183' title='bbox 792 1418 1044 1475; x_wconf 77' lang='lat' dir='ltr'><strong>[strigos.]</strong></span> 
     </span>
    </p>

    <p class='ocr_par' dir='ltr' id='par_1_4' title="bbox 208 1491 1701 1584">
     <span class='ocr_line' id='line_1_22' title="bbox 208 1491 1701 1584; baseline -0.003 -49"><span class='ocrx_word' id='word_1_184' title='bbox 208 1494 443 1584; x_wconf 83' lang='lat' dir='ltr'><strong>Liberatus</strong></span> <span class='ocrx_word' id='word_1_185' title='bbox 483 1495 612 1548; x_wconf 87' lang='lat' dir='ltr'><strong>itaque</strong></span> <span class='ocrx_word' id='word_1_186' title='bbox 652 1509 677 1536; x_wconf 88' lang='lat' dir='ltr'><strong>a</strong></span> <span class='ocrx_word' id='word_1_187' title='bbox 714 1496 868 1548; x_wconf 82' lang='lat' dir='ltr'><strong>gigante</strong></span> <span class='ocrx_word' id='word_1_188' title='bbox 909 1497 992 1548; x_wconf 91' lang='lat' dir='ltr'><strong>cepi</strong></span> <span class='ocrx_word' id='word_1_189' title='bbox 1029 1509 1098 1548; x_wconf 91' lang='lat' dir='ltr'><strong>per</strong></span> <span class='ocrx_word' id='word_1_190' title='bbox 1134 1495 1223 1536; x_wconf 86' lang='lat' dir='ltr'><strong>auia</strong></span> <span class='ocrx_word' id='word_1_191' title='bbox 1259 1494 1473 1535; x_wconf 82' lang='lat' dir='ltr'><strong>solitudinis</strong></span> <span class='ocrx_word' id='word_1_192' title='bbox 1519 1499 1629 1535; x_wconf 86' lang='lat' dir='ltr'><strong>uaste</strong></span> <span class='ocrx_word' id='word_1_193' title='bbox 1647 1491 1701 1531; x_wconf 74' lang='lat'><strong>20</strong></span> 
     </span>
    </p>

    <p class='ocr_par' dir='ltr' id='par_1_5' title="bbox 207 1554 1699 2203">
     <span class='ocr_line' id='line_1_23' title="bbox 298 1554 1625 1608; baseline 0 -13"><span class='ocrx_word' id='word_1_194' title='bbox 298 1555 542 1595; x_wconf 87' lang='lat' dir='ltr'><strong>errabundus</strong></span> <span class='ocrx_word' id='word_1_195' title='bbox 587 1556 822 1606; x_wconf 83' lang='lat' dir='ltr'><strong>discurrere,</strong></span> <span class='ocrx_word' id='word_1_196' title='bbox 867 1556 1052 1608; x_wconf 87' lang='lat' dir='ltr'><strong>ignorans</strong></span> <span class='ocrx_word' id='word_1_197' title='bbox 1093 1555 1246 1607; x_wconf 85' lang='lat' dir='ltr'><strong>penitus</strong></span> <span class='ocrx_word' id='word_1_198' title='bbox 1288 1567 1477 1606; x_wconf 89' lang='lat' dir='ltr'><strong>quorsum</strong></span> <span class='ocrx_word' id='word_1_199' title='bbox 1516 1554 1625 1595; x_wconf 86' lang='lat' dir='ltr'><strong>irem.</strong></span> 
     </span>
     <span class='ocr_line' id='line_1_24' title="bbox 210 1614 1628 1667; baseline -0.001 -13"><span class='ocrx_word' id='word_1_200' title='bbox 210 1614 481 1655; x_wconf 83' lang='lat' dir='ltr'><strong>Ascendebam</strong></span> <span class='ocrx_word' id='word_1_201' title='bbox 508 1628 669 1667; x_wconf 84' lang='lat' dir='ltr'><strong>persepe</strong></span> <span class='ocrx_word' id='word_1_202' title='bbox 696 1616 867 1656; x_wconf 86' lang='lat' dir='ltr'><strong>excelsas</strong></span> <span class='ocrx_word' id='word_1_203' title='bbox 886 1615 1032 1656; x_wconf 90' lang='lat' dir='ltr'><strong>abietes</strong></span> <span class='ocrx_word' id='word_1_204' title='bbox 1050 1616 1265 1666; x_wconf 87' lang='lat' dir='ltr'><strong>cedrosque</strong></span> <span class='ocrx_word' id='word_1_205' title='bbox 1291 1614 1491 1661; x_wconf 84' lang='lat' dir='ltr'><strong>sublimes,</strong></span> <span class='ocrx_word' id='word_1_206' title='bbox 1519 1626 1628 1653; x_wconf 90' lang='lat' dir='ltr'><strong>scan-</strong></span> 
     </span>
     <span class='ocr_line' id='line_1_25' title="bbox 209 1673 1628 1727; baseline -0.002 -13"><span class='ocrx_word' id='word_1_207' title='bbox 209 1674 351 1714; x_wconf 89' lang='lat' dir='ltr'><strong>debam</strong></span> <span class='ocrx_word' id='word_1_208' title='bbox 378 1675 571 1714; x_wconf 91' lang='lat' dir='ltr'><strong>montium</strong></span> <span class='ocrx_word' id='word_1_209' title='bbox 598 1675 814 1727; x_wconf 84' lang='lat' dir='ltr'><strong>supercilia,</strong></span> <span class='ocrx_word' id='word_1_210' title='bbox 841 1675 943 1715; x_wconf 89' lang='lat' dir='ltr'><strong>utin</strong></span> <span class='ocrx_word' id='word_1_211' title='bbox 971 1676 1049 1715; x_wconf 85' lang='lat' dir='ltr'><strong>alto</strong></span> <span class='ocrx_word' id='word_1_212' title='bbox 1075 1675 1224 1727; x_wconf 89' lang='lat' dir='ltr'><strong>positus</strong></span> <span class='ocrx_word' id='word_1_213' title='bbox 1242 1680 1386 1714; x_wconf 89' lang='lat' dir='ltr'><strong>terram</strong></span> <span class='ocrx_word' id='word_1_214' title='bbox 1403 1673 1628 1713; x_wconf 86' lang='lat' dir='ltr'><strong>hominibus</strong></span> 
     </span>
     <span class='ocr_line' id='line_1_26' title="bbox 213 1732 1629 1786; baseline -0.001 -13"><span class='ocrx_word' id='word_1_215' title='bbox 213 1733 462 1774; x_wconf 82' lang='lat' dir='ltr'><strong>habitabilem</strong></span> <span class='ocrx_word' id='word_1_216' title='bbox 491 1734 576 1774; x_wconf 89' lang='lat' dir='ltr'><strong>uisu</strong></span> <span class='ocrx_word' id='word_1_217' title='bbox 605 1735 742 1775; x_wconf 87' lang='lat' dir='ltr'><strong>saltem</strong></span> <span class='ocrx_word' id='word_1_218' title='bbox 780 1749 804 1775; x_wconf 87' lang='lat' dir='ltr'><strong>a</strong></span> <span class='ocrx_word' id='word_1_219' title='bbox 830 1735 945 1786; x_wconf 87' lang='lat' dir='ltr'><strong>longe</strong></span> <span class='ocrx_word' id='word_1_220' title='bbox 984 1735 1312 1786; x_wconf 88' lang='lat' dir='ltr'><strong>comprehendere</strong></span> <span class='ocrx_word' id='word_1_221' title='bbox 1351 1746 1519 1784; x_wconf 81' lang='lat' dir='ltr'><strong>possem,</strong></span> <span class='ocrx_word' id='word_1_222' title='bbox 1560 1732 1629 1772; x_wconf 89' lang='lat' dir='ltr'><strong>sed</strong></span> 
     </span>
     <span class='ocr_line' id='line_1_27' title="bbox 212 1790 1699 1845; baseline -0.003 -12"><span class='ocrx_word' id='word_1_223' title='bbox 212 1792 330 1833; x_wconf 83' lang='lat' dir='ltr'><strong>nichil</strong></span> <span class='ocrx_word' id='word_1_224' title='bbox 356 1793 460 1833; x_wconf 84' lang='lat' dir='ltr'><strong>aliud</strong></span> <span class='ocrx_word' id='word_1_225' title='bbox 481 1806 600 1845; x_wconf 90' lang='lat' dir='ltr'><strong>quam</strong></span> <span class='ocrx_word' id='word_1_226' title='bbox 616 1794 789 1845; x_wconf 88' lang='lat' dir='ltr'><strong>undique</strong></span> <span class='ocrx_word' id='word_1_227' title='bbox 808 1794 905 1834; x_wconf 90' lang='lat' dir='ltr'><strong>silue</strong></span> <span class='ocrx_word' id='word_1_228' title='bbox 924 1800 962 1834; x_wconf 89' lang='lat' dir='ltr'><strong>et</strong></span> <span class='ocrx_word' id='word_1_229' title='bbox 983 1794 1155 1845; x_wconf 89' lang='lat' dir='ltr'><strong>undique</strong></span> <span class='ocrx_word' id='word_1_230' title='bbox 1173 1794 1299 1834; x_wconf 92' lang='lat' dir='ltr'><strong>celum</strong></span> <span class='ocrx_word' id='word_1_231' title='bbox 1316 1793 1437 1833; x_wconf 90' lang='lat' dir='ltr'><strong>oculis</strong></span> <span class='ocrx_word' id='word_1_232' title='bbox 1455 1805 1628 1832; x_wconf 86' lang='lat' dir='ltr'><strong>occurre·</strong></span> <span class='ocrx_word' id='word_1_233' title='bbox 1647 1790 1699 1828; x_wconf 78' lang='lat'><strong>25</strong></span> 
     </span>
     <span class='ocr_line' id='line_1_28' title="bbox 210 1851 1628 1905; baseline -0.001 -13"><span class='ocrx_word' id='word_1_234' title='bbox 210 1852 290 1892; x_wconf 68' lang='lat' dir='ltr'><strong>bat-</strong></span> <span class='ocrx_word' id='word_1_235' title='bbox 343 1853 636 1893; x_wconf 63' lang='lat' dir='ltr'><strong>Doeoendebam</strong></span> <span class='ocrx_word' id='word_1_236' title='bbox 675 1855 724 1894; x_wconf 90' lang='lat' dir='ltr'><strong>de</strong></span> <span class='ocrx_word' id='word_1_237' title='bbox 751 1854 913 1894; x_wconf 88' lang='lat' dir='ltr'><strong>excelsis</strong></span> <span class='ocrx_word' id='word_1_238' title='bbox 942 1854 1133 1894; x_wconf 90' lang='lat' dir='ltr'><strong>montium</strong></span> <span class='ocrx_word' id='word_1_239' title='bbox 1170 1853 1210 1893; x_wconf 89' lang='lat' dir='ltr'><strong>in</strong></span> <span class='ocrx_word' id='word_1_240' title='bbox 1251 1853 1442 1905; x_wconf 81' lang='lat' dir='ltr'><strong>profunda</strong></span> <span class='ocrx_word' id='word_1_241' title='bbox 1468 1851 1628 1891; x_wconf 89' lang='lat' dir='ltr'><strong>uallium</strong></span> 
     </span>
     <span class='ocr_line' id='line_1_29' title="bbox 210 1912 1627 1964; baseline -0.001 -12"><span class='ocrx_word' id='word_1_242' title='bbox 210 1912 321 1963; x_wconf 87' lang='lat' dir='ltr'><strong>quasi</strong></span> <span class='ocrx_word' id='word_1_243' title='bbox 348 1912 388 1952; x_wconf 94' lang='lat' dir='ltr'><strong>in</strong></span> <span class='ocrx_word' id='word_1_244' title='bbox 416 1913 600 1964; x_wconf 81' lang='lat' dir='ltr'><strong>abyssum</strong></span> <span class='ocrx_word' id='word_1_245' title='bbox 621 1914 832 1964; x_wconf 86' lang='lat' dir='ltr'><strong>quandam,</strong></span> <span class='ocrx_word' id='word_1_246' title='bbox 860 1914 1078 1964; x_wconf 84' lang='lat' dir='ltr'><strong>iterumque</strong></span> <span class='ocrx_word' id='word_1_247' title='bbox 1105 1914 1155 1953; x_wconf 88' lang='lat' dir='ltr'><strong>ab</strong></span> <span class='ocrx_word' id='word_1_248' title='bbox 1174 1913 1321 1952; x_wconf 87' lang='lat' dir='ltr'><strong>eisdem</strong></span> <span class='ocrx_word' id='word_1_249' title='bbox 1339 1925 1455 1963; x_wconf 90' lang='lat' dir='ltr'><strong>super</strong></span> <span class='ocrx_word' id='word_1_250' title='bbox 1473 1916 1627 1950; x_wconf 69' lang='lat' dir='ltr'><strong>montae</strong></span> 
     </span>
     <span class='ocr_line' id='line_1_30' title="bbox 207 1970 1625 2024; baseline -0.001 -13"><span class='ocrx_word' id='word_1_251' title='bbox 207 1971 321 2022; x_wconf 85' lang='lat' dir='ltr'><strong>quasi</strong></span> <span class='ocrx_word' id='word_1_252' title='bbox 337 1978 462 2023; x_wconf 85' lang='lat' dir='ltr'><strong>usque</strong></span> <span class='ocrx_word' id='word_1_253' title='bbox 479 1973 529 2012; x_wconf 86' lang='lat' dir='ltr'><strong>ad</strong></span> <span class='ocrx_word' id='word_1_254' title='bbox 547 1973 651 2013; x_wconf 88' lang='lat' dir='ltr'><strong>celos</strong></span> <span class='ocrx_word' id='word_1_255' title='bbox 669 1973 965 2024; x_wconf 85' lang='lat' dir='ltr'><strong>consurgebam.</strong></span> <span class='ocrx_word' id='word_1_256' title='bbox 1004 1973 1109 2022; x_wconf 91' lang='lat' dir='ltr'><strong>Quot</strong></span> <span class='ocrx_word' id='word_1_257' title='bbox 1122 1978 1253 2012; x_wconf 87' lang='lat' dir='ltr'><strong>autem</strong></span> <span class='ocrx_word' id='word_1_258' title='bbox 1266 1971 1422 2011; x_wconf 90' lang='lat' dir='ltr'><strong>interim</strong></span> <span class='ocrx_word' id='word_1_259' title='bbox 1435 1970 1625 2017; x_wconf 85' lang='lat' dir='ltr'><strong>leonibus,</strong></span> 
     </span>
     <span class='ocr_line' id='line_1_31' title="bbox 210 2029 1625 2084; baseline -0.001 -14"><span class='ocrx_word' id='word_1_260' title='bbox 210 2030 323 2079; x_wconf 84' lang='lat' dir='ltr'><strong>ursis,</strong></span> <span class='ocrx_word' id='word_1_261' title='bbox 351 2031 466 2083; x_wconf 80' lang='lat' dir='ltr'><strong>apriS‚</strong></span> <span class='ocrx_word' id='word_1_262' title='bbox 496 2032 625 2083; x_wconf 88' lang='lat' dir='ltr'><strong>pardis</strong></span> <span class='ocrx_word' id='word_1_263' title='bbox 647 2045 694 2072; x_wconf 91' lang='lat' dir='ltr'><strong>ac</strong></span> <span class='ocrx_word' id='word_1_264' title='bbox 720 2032 820 2084; x_wconf 87' lang='lat' dir='ltr'><strong>lupis</strong></span> <span class='ocrx_word' id='word_1_265' title='bbox 847 2033 1099 2078; x_wconf 83' lang='lat' dir='ltr'><strong>obuiauerim,</strong></span> <span class='ocrx_word' id='word_1_266' title='bbox 1128 2037 1222 2083; x_wconf 89' lang='lat' dir='ltr'><strong>quot</strong></span> <span class='ocrx_word' id='word_1_267' title='bbox 1249 2031 1367 2071; x_wconf 88' lang='lat' dir='ltr'><strong>michi</strong></span> <span class='ocrx_word' id='word_1_268' title='bbox 1394 2029 1625 2070; x_wconf 86' lang='lat' dir='ltr'><strong>bubalorum</strong></span> 
     </span>
     <span class='ocr_line' id='line_1_32' title="bbox 209 2086 1699 2144; baseline -0.001 -14"><span class='ocrx_word' id='word_1_269' title='bbox 209 2102 523 2142; x_wconf 84' lang='lat' dir='ltr'><strong>onagrorumque</strong></span> <span class='ocrx_word' id='word_1_270' title='bbox 562 2092 798 2132; x_wconf 89' lang='lat' dir='ltr'><strong>occurrerint</strong></span> <span class='ocrx_word' id='word_1_271' title='bbox 834 2105 983 2144; x_wconf 82' lang='lat' dir='ltr'><strong>greges,</strong></span> <span class='ocrx_word' id='word_1_272' title='bbox 1025 2096 1119 2143; x_wconf 90' lang='lat' dir='ltr'><strong>quot</strong></span> <span class='ocrx_word' id='word_1_273' title='bbox 1156 2091 1261 2131; x_wconf 90' lang='lat' dir='ltr'><strong>satiri</strong></span> <span class='ocrx_word' id='word_1_274' title='bbox 1306 2089 1627 2140; x_wconf 88' lang='lat' dir='ltr'><strong>diuersorumque</strong></span> <span class='ocrx_word' id='word_1_275' title='bbox 1644 2086 1699 2124; x_wconf 88' lang='lat'><strong>30</strong></span> 
     </span>
     <span class='ocr_line' id='line_1_33' title="bbox 209 2149 1626 2203; baseline -0.001 -14"><span class='ocrx_word' id='word_1_276' title='bbox 209 2162 352 2200; x_wconf 88' lang='lat' dir='ltr'><strong>genera</strong></span> <span class='ocrx_word' id='word_1_277' title='bbox 393 2156 659 2191; x_wconf 89' lang='lat' dir='ltr'><strong>monstrorum</strong></span> <span class='ocrx_word' id='word_1_278' title='bbox 694 2151 828 2191; x_wconf 88' lang='lat' dir='ltr'><strong>nescio</strong></span> <span class='ocrx_word' id='word_1_279' title='bbox 865 2151 957 2203; x_wconf 90' lang='lat' dir='ltr'><strong>quid</strong></span> <span class='ocrx_word' id='word_1_280' title='bbox 996 2156 1131 2191; x_wconf 86' lang='lat' dir='ltr'><strong>contra</strong></span> <span class='ocrx_word' id='word_1_281' title='bbox 1174 2163 1237 2190; x_wconf 91' lang='lat' dir='ltr'><strong>me</strong></span> <span class='ocrx_word' id='word_1_282' title='bbox 1276 2150 1486 2189; x_wconf 84' lang='lat' dir='ltr'><strong>barbarum</strong></span> <span class='ocrx_word' id='word_1_283' title='bbox 1525 2149 1626 2188; x_wconf 89' lang='lat' dir='ltr'><strong>inter</strong></span> 
     </span>
    </p>
   </div>
   <div class='ocr_carea' id='block_1_4' title="bbox 211 2222 493 2228">
    <p class='ocr_par' dir='ltr' id='par_1_6' title="bbox 211 2222 493 2228">
     <span class='ocr_line' id='line_1_34' title="bbox 211 2222 493 2228; baseline 0 0"><span class='ocrx_word' id='word_1_284' title='bbox 211 2222 493 2228; x_wconf 95' lang='lat' dir='ltr'><strong> </strong></span> 
     </span>
    </p>
   </div>
   <div class='ocr_carea' id='block_1_5' title="bbox 209 2256 1627 2677">
    <p class='ocr_par' dir='ltr' id='par_1_7' title="bbox 209 2256 1627 2677">
     <span class='ocr_line' id='line_1_35' title="bbox 329 2256 1626 2303; baseline -0.001 -11"><span class='ocrx_word' id='word_1_285' title='bbox 329 2257 352 2292; x_wconf 79' lang='lat'><strong>2</strong></span> <span class='ocrx_word' id='word_1_286' title='bbox 377 2258 604 2293; x_wconf 82' lang='lat' dir='ltr'><strong>deuenissem</strong></span> <span class='ocrx_word' id='word_1_287' title='bbox 633 2259 760 2303; x_wconf 81' lang='lat' dir='ltr'><strong>OPpV</strong></span> <span class='ocrx_word' id='word_1_288' title='bbox 778 2280 823 2285; x_wconf 87' lang='lat'>—</span> <span class='ocrx_word' id='word_1_289' title='bbox 849 2270 933 2294; x_wconf 89' lang='lat' dir='ltr'><strong>ecce</strong></span> <span class='ocrx_word' id='word_1_290' title='bbox 966 2259 1069 2294; x_wconf 71' lang='lat' dir='ltr'><strong>Cani.</strong></span> <span class='ocrx_word' id='word_1_291' title='bbox 1086 2259 1167 2299; x_wconf 66' lang='lat' dir='ltr'><strong>Eb„</strong></span> <span class='ocrx_word' id='word_1_292' title='bbox 1192 2260 1230 2293; x_wconf 88' lang='lat' dir='ltr'><strong>et</strong></span> <span class='ocrx_word' id='word_1_293' title='bbox 1253 2259 1311 2292; x_wconf 72' lang='lat' dir='ltr'><strong>die</strong></span> <span class='ocrx_word' id='word_1_294' title='bbox 1334 2257 1423 2293; x_wconf 70' lang='lat' dir='ltr'><strong>Has.</strong></span> <span class='ocrx_word' id='word_1_295' title='bbox 1449 2276 1494 2283; x_wconf 91' lang='lat'>-</span> <span class='ocrx_word' id='word_1_296' title='bbox 1518 2256 1542 2291; x_wconf 89' lang='lat'><strong>3</strong></span> <span class='ocrx_word' id='word_1_297' title='bbox 1567 2266 1626 2291; x_wconf 89' lang='lat' dir='ltr'><strong>me</strong></span> 
     </span>
     <span class='ocr_line' id='line_1_36' title="bbox 211 2309 1626 2356; baseline -0.001 -10"><span class='ocrx_word' id='word_1_298' title='bbox 211 2310 422 2356; x_wconf 56' lang='lat' dir='ltr'><strong>papatuum</strong></span> <span class='ocrx_word' id='word_1_299' title='bbox 454 2312 565 2347; x_wconf 87' lang='lat' dir='ltr'><strong>nimis</strong></span> <span class='ocrx_word' id='word_1_300' title='bbox 588 2313 636 2349; x_wconf 81' lang='lat' dir='ltr'><strong>L.</strong></span> <span class='ocrx_word' id='word_1_301' title='bbox 664 2331 704 2338; x_wconf 93' lang='lat'>—</span> <span class='ocrx_word' id='word_1_302' title='bbox 732 2313 756 2348; x_wconf 91' lang='lat'>8</span> <span class='ocrx_word' id='word_1_303' title='bbox 780 2312 1065 2348; x_wconf 86' lang='lat' dir='ltr'><strong>immuneratum</strong></span> <span class='ocrx_word' id='word_1_304' title='bbox 1099 2312 1138 2354; x_wconf 88' lang='grc' dir='ltr'><strong>Ο,</strong></span> <span class='ocrx_word' id='word_1_305' title='bbox 1163 2311 1300 2356; x_wconf 89' lang='lat' dir='ltr'><strong>absque</strong></span> <span class='ocrx_word' id='word_1_306' title='bbox 1332 2321 1483 2346; x_wconf 87' lang='lat' dir='ltr'><strong>munere</strong></span> <span class='ocrx_word' id='word_1_307' title='bbox 1513 2309 1554 2345; x_wconf 80' lang='lat' dir='ltr'><strong>V.</strong></span> <span class='ocrx_word' id='word_1_308' title='bbox 1579 2327 1626 2334; x_wconf 89' lang='lat'><strong>—</strong></span> 
     </span>
     <span class='ocr_line' id='line_1_37' title="bbox 209 2364 1627 2411; baseline -0.001 -12"><span class='ocrx_word' id='word_1_309' title='bbox 209 2364 234 2399; x_wconf 81' lang='lat'><strong>9</strong></span> <span class='ocrx_word' id='word_1_310' title='bbox 249 2367 294 2399; x_wconf 88' lang='lat' dir='ltr'><strong>st.</strong></span> <span class='ocrx_word' id='word_1_311' title='bbox 311 2364 528 2409; x_wconf 78' lang='lat' dir='ltr'><strong>quibusdam</strong></span> <span class='ocrx_word' id='word_1_312' title='bbox 553 2365 637 2401; x_wconf 87' lang='lat' dir='ltr'><strong>mal.</strong></span> <span class='ocrx_word' id='word_1_313' title='bbox 654 2367 692 2401; x_wconf 92' lang='grc' dir='ltr'><strong>Ο.</strong></span> <span class='ocrx_word' id='word_1_314' title='bbox 718 2385 764 2391; x_wconf 93' lang='grc'>-</span> <span class='ocrx_word' id='word_1_315' title='bbox 792 2366 832 2400; x_wconf 84' lang='lat'><strong>11</strong></span> <span class='ocrx_word' id='word_1_316' title='bbox 861 2366 1066 2411; x_wconf 85' lang='lat' dir='ltr'><strong>prepeditus</strong></span> <span class='ocrx_word' id='word_1_317' title='bbox 1087 2366 1141 2410; x_wconf 84' lang='lat' dir='ltr'><strong>Op</strong></span> <span class='ocrx_word' id='word_1_318' title='bbox 1148 2366 1189 2406; x_wconf 86' lang='lat' dir='ltr'><strong>V,</strong></span> <span class='ocrx_word' id='word_1_319' title='bbox 1215 2364 1401 2410; x_wconf 89' lang='lat' dir='ltr'><strong>prepeditu</strong></span> <span class='ocrx_word' id='word_1_320' title='bbox 1418 2374 1502 2399; x_wconf 90' lang='lat' dir='ltr'><strong>cum</strong></span> <span class='ocrx_word' id='word_1_321' title='bbox 1518 2373 1627 2399; x_wconf 75' lang='lat' dir='ltr'><strong>cursu</strong></span> 
     </span>
     <span class='ocr_line' id='line_1_38' title="bbox 218 2415 1627 2464; baseline -0.001 -12"><span class='ocrx_word' id='word_1_322' title='bbox 218 2417 260 2453; x_wconf 77' lang='lat' dir='ltr'><strong>V.</strong></span> <span class='ocrx_word' id='word_1_323' title='bbox 275 2436 319 2443; x_wconf 91' lang='lat'><strong>-—</strong></span> <span class='ocrx_word' id='word_1_324' title='bbox 346 2418 389 2453; x_wconf 76' lang='lat'><strong>12</strong></span> <span class='ocrx_word' id='word_1_325' title='bbox 413 2418 570 2464; x_wconf 87' lang='lat' dir='ltr'><strong>quedam</strong></span> <span class='ocrx_word' id='word_1_326' title='bbox 593 2430 714 2454; x_wconf 84' lang='lat' dir='ltr'><strong>massa</strong></span> <span class='ocrx_word' id='word_1_327' title='bbox 738 2420 947 2464; x_wconf 84' lang='lat' dir='ltr'><strong>corr.PpV‚</strong></span> <span class='ocrx_word' id='word_1_328' title='bbox 971 2419 1077 2463; x_wconf 85' lang='lat' dir='ltr'><strong>qued.</strong></span> <span class='ocrx_word' id='word_1_329' title='bbox 1096 2418 1244 2454; x_wconf 54' lang='lat' dir='ltr'><strong>vesania</strong></span> <span class='ocrx_word' id='word_1_330' title='bbox 1267 2429 1297 2453; x_wconf 89' lang='lat' dir='ltr'><strong>c.</strong></span> <span class='ocrx_word' id='word_1_331' title='bbox 1327 2418 1367 2453; x_wconf 87' lang='grc'><strong>0.</strong></span> <span class='ocrx_word' id='word_1_332' title='bbox 1392 2436 1438 2442; x_wconf 90' lang='lat'><em>-</em></span> <span class='ocrx_word' id='word_1_333' title='bbox 1466 2416 1510 2452; x_wconf 78' lang='lat'><strong>14</strong></span> <span class='ocrx_word' id='word_1_334' title='bbox 1534 2415 1627 2451; x_wconf 78' lang='lat' dir='ltr'><strong>foret</strong></span> 
     </span>
     <span class='ocr_line' id='line_1_39' title="bbox 213 2467 1625 2516; baseline -0.001 -10"><span class='ocrx_word' id='word_1_335' title='bbox 213 2470 346 2516; x_wconf 81' lang='lat' dir='ltr'><strong>OPpV.</strong></span> <span class='ocrx_word' id='word_1_336' title='bbox 371 2491 417 2498; x_wconf 92' lang='lat'>—</span> <span class='ocrx_word' id='word_1_337' title='bbox 444 2472 488 2507; x_wconf 88' lang='lat'><strong>15</strong></span> <span class='ocrx_word' id='word_1_338' title='bbox 513 2471 609 2507; x_wconf 76' lang='lat' dir='ltr'><strong>dent.</strong></span> <span class='ocrx_word' id='word_1_339' title='bbox 633 2473 723 2516; x_wconf 66' lang='lat' dir='ltr'><strong>fehlt</strong></span> <span class='ocrx_word' id='word_1_340' title='bbox 747 2473 795 2509; x_wconf 88' lang='lat' dir='ltr'><strong>L.</strong></span> <span class='ocrx_word' id='word_1_341' title='bbox 832 2492 878 2499; x_wconf 90' lang='lat'><strong>—</strong></span> <span class='ocrx_word' id='word_1_342' title='bbox 907 2474 949 2507; x_wconf 74' lang='lat'><strong>19</strong></span> <span class='ocrx_word' id='word_1_343' title='bbox 973 2482 1127 2507; x_wconf 85' lang='lat' dir='ltr'><strong>narrans</strong></span> <span class='ocrx_word' id='word_1_344' title='bbox 1153 2471 1245 2507; x_wconf 87' lang='lat' dir='ltr'><strong>alios</strong></span> <span class='ocrx_word' id='word_1_345' title='bbox 1271 2471 1376 2516; x_wconf 80' lang='lat' dir='ltr'><strong>opV.</strong></span> <span class='ocrx_word' id='word_1_346' title='bbox 1403 2489 1444 2496; x_wconf 92' lang='lat'>—</span> <span class='ocrx_word' id='word_1_347' title='bbox 1471 2480 1535 2514; x_wconf 93' lang='lat' dir='ltr'><strong>pro</strong></span> <span class='ocrx_word' id='word_1_348' title='bbox 1559 2467 1625 2504; x_wconf 84' lang='lat' dir='ltr'><strong>rel.</strong></span> 
     </span>
     <span class='ocr_line' id='line_1_40' title="bbox 210 2522 1625 2571; baseline -0.002 -11"><span class='ocrx_word' id='word_1_349' title='bbox 210 2524 308 2570; x_wconf 84' lang='lat' dir='ltr'><strong>paris</strong></span> <span class='ocrx_word' id='word_1_350' title='bbox 330 2535 389 2560; x_wconf 89' lang='lat' dir='ltr'><strong>eu.</strong></span> <span class='ocrx_word' id='word_1_351' title='bbox 413 2525 497 2561; x_wconf 83' lang='lat' dir='ltr'><strong>filiis</strong></span> <span class='ocrx_word' id='word_1_352' title='bbox 519 2536 549 2562; x_wconf 88' lang='lat' dir='ltr'><strong>s.</strong></span> <span class='ocrx_word' id='word_1_353' title='bbox 565 2526 671 2570; x_wconf 79' lang='lat' dir='ltr'><strong>PpV.</strong></span> <span class='ocrx_word' id='word_1_354' title='bbox 696 2546 742 2553; x_wconf 89' lang='lat'><strong>—</strong></span> <span class='ocrx_word' id='word_1_355' title='bbox 759 2526 807 2561; x_wconf 72' lang='lat'><strong>20</strong></span> <span class='ocrx_word' id='word_1_356' title='bbox 826 2537 891 2571; x_wconf 87' lang='lat' dir='ltr'><strong>per</strong></span> <span class='ocrx_word' id='word_1_357' title='bbox 914 2526 1021 2560; x_wconf 86' lang='lat' dir='ltr'><strong>deuia</strong></span> <span class='ocrx_word' id='word_1_358' title='bbox 1043 2526 1179 2570; x_wconf 77' lang='lat' dir='ltr'><strong>OPpV.</strong></span> <span class='ocrx_word' id='word_1_359' title='bbox 1198 2544 1240 2551; x_wconf 95' lang='lat'>-</span> <span class='ocrx_word' id='word_1_360' title='bbox 1259 2524 1306 2559; x_wconf 77' lang='lat'><strong>26</strong></span> <span class='ocrx_word' id='word_1_361' title='bbox 1322 2523 1541 2569; x_wconf 77' lang='lat' dir='ltr'><strong>profundum</strong></span> <span class='ocrx_word' id='word_1_362' title='bbox 1558 2522 1625 2567; x_wconf 67' lang='lat' dir='ltr'><strong>sp.</strong></span> 
     </span>
     <span class='ocr_line' id='line_1_41' title="bbox 216 2578 1624 2625; baseline -0.001 -12"><span class='ocrx_word' id='word_1_363' title='bbox 216 2596 252 2604; x_wconf 89' lang='lat'>—</span> <span class='ocrx_word' id='word_1_364' title='bbox 281 2578 330 2613; x_wconf 77' lang='lat'><strong>28</strong></span> <span class='ocrx_word' id='word_1_365' title='bbox 352 2578 448 2622; x_wconf 85' lang='lat' dir='ltr'><strong>Quid</strong></span> <span class='ocrx_word' id='word_1_366' title='bbox 471 2580 528 2625; x_wconf 61' lang='grc' dir='ltr'><strong>ἣν</strong></span> <span class='ocrx_word' id='word_1_367' title='bbox 558 2598 603 2605; x_wconf 91' lang='grc'>-</span> <span class='ocrx_word' id='word_1_368' title='bbox 628 2580 677 2614; x_wconf 89' lang='grc'><strong>30</strong></span> <span class='ocrx_word' id='word_1_369' title='bbox 708 2589 835 2624; x_wconf 67' lang='lat' dir='ltr'><strong>greges</strong></span> <span class='ocrx_word' id='word_1_370' title='bbox 867 2579 1110 2614; x_wconf 85' lang='lat' dir='ltr'><strong>obuiauerunt</strong></span> <span class='ocrx_word' id='word_1_371' title='bbox 1135 2579 1191 2623; x_wconf 84' lang='lat' dir='ltr'><strong>Pp</strong></span> <span class='ocrx_word' id='word_1_372' title='bbox 1214 2598 1260 2604; x_wconf 96' lang='lat'><strong>—</strong></span> <span class='ocrx_word' id='word_1_373' title='bbox 1285 2579 1520 2612; x_wconf 86' lang='lat' dir='ltr'><strong>occurrerunt</strong></span> <span class='ocrx_word' id='word_1_374' title='bbox 1542 2585 1624 2611; x_wconf 84' lang='lat' dir='ltr'><strong>sero</strong></span> 
     </span>
     <span class='ocr_line' id='line_1_42' title="bbox 210 2628 1623 2677; baseline -0.004 -9"><span class='ocrx_word' id='word_1_375' title='bbox 210 2634 337 2667; x_wconf 77' lang='lat' dir='ltr'><strong>eontra</strong></span> <span class='ocrx_word' id='word_1_376' title='bbox 369 2643 430 2668; x_wconf 89' lang='lat' dir='ltr'><strong>me</strong></span> <span class='ocrx_word' id='word_1_377' title='bbox 454 2631 561 2668; x_wconf 74' lang='lat' dir='ltr'><strong>fuerit</strong></span> <span class='ocrx_word' id='word_1_378' title='bbox 584 2632 731 2667; x_wconf 86' lang='lat' dir='ltr'><strong>dentata</strong></span> <span class='ocrx_word' id='word_1_379' title='bbox 748 2632 932 2668; x_wconf 65' lang='lat' dir='ltr'><strong>barbmoe</strong></span> <span class='ocrx_word' id='word_1_380' title='bbox 957 2632 1093 2677; x_wconf 83' lang='lat' dir='ltr'><strong>fingam</strong></span> <span class='ocrx_word' id='word_1_381' title='bbox 1116 2631 1238 2667; x_wconf 83' lang='lat' dir='ltr'><strong>nescio</strong></span> <span class='ocrx_word' id='word_1_382' title='bbox 1261 2634 1325 2666; x_wconf 88' lang='lat' dir='ltr'><strong>aut</strong></span> <span class='ocrx_word' id='word_1_383' title='bbox 1348 2629 1445 2675; x_wconf 88' lang='lat' dir='ltr'><strong>quod</strong></span> <span class='ocrx_word' id='word_1_384' title='bbox 1470 2639 1563 2674; x_wconf 87' lang='lat' dir='ltr'><strong>serp.</strong></span> <span class='ocrx_word' id='word_1_385' title='bbox 1583 2628 1623 2664; x_wconf 89' lang='grc' dir='ltr'><strong>Ο.</strong></span> 
     </span>
    </p>
   </div>
  </div>
 </body>
</html>
