<?xml version="1.0" encoding="UTF-8"?>
<!DOCTYPE html PUBLIC "-//W3C//DTD XHTML 1.0 Transitional//EN"
    "http://www.w3.org/TR/xhtml1/DTD/xhtml1-transitional.dtd">
<html xmlns="http://www.w3.org/1999/xhtml" xml:lang="en" lang="en">
 <head>
  <title>
</title>
<meta http-equiv="Content-Type" content="text/html;charset=utf-8" />
  <meta name='ocr-system' content='tesseract 3.04.00' />
  <meta name='ocr-capabilities' content='ocr_page ocr_carea ocr_par ocr_line ocrx_word'/>
</head>
<body>
  <div class='ocr_page' id='page_1' title='image "./historiaseptemsa02hilkuoft_0112.png"; bbox 0 0 1800 2930; ppageno 0'>
   <div class='ocr_carea' id='block_1_1' title="bbox 854 166 1127 205">
    <p class='ocr_par' dir='ltr' id='par_1_1' title="bbox 854 166 1127 205">
     <span class='ocr_line' id='line_1_1' title="bbox 854 166 1127 205; baseline 0 -12"><span class='ocrx_word' id='word_1_1' title='bbox 854 166 1127 205; x_wconf 78' lang='lat'>-94-</span> 
     </span>
    </p>
   </div>
   <div class='ocr_carea' id='block_1_2' title="bbox 206 278 1700 2297">
    <p class='ocr_par' dir='ltr' id='par_1_2' title="bbox 280 278 1699 510">
     <span class='ocr_line' id='line_1_2' title="bbox 282 278 1697 331; baseline 0.001 -13"><span class='ocrx_word' id='word_1_2' title='bbox 282 279 486 327; x_wconf 87' lang='lat' dir='ltr'><strong>consitum,</strong></span> <span class='ocrx_word' id='word_1_3' title='bbox 525 278 675 330; x_wconf 85' lang='lat' dir='ltr'><strong>lignum</strong></span> <span class='ocrx_word' id='word_1_4' title='bbox 711 292 865 330; x_wconf 89' lang='lat' dir='ltr'><strong>quoque</strong></span> <span class='ocrx_word' id='word_1_5' title='bbox 901 280 980 320; x_wconf 91' lang='lat' dir='ltr'><strong>uite</strong></span> <span class='ocrx_word' id='word_1_6' title='bbox 1015 281 1237 329; x_wconf 83' lang='lat' dir='ltr'><strong>habentem,</strong></span> <span class='ocrx_word' id='word_1_7' title='bbox 1279 281 1327 320; x_wconf 93' lang='lat' dir='ltr'><strong>de</strong></span> <span class='ocrx_word' id='word_1_8' title='bbox 1363 294 1439 331; x_wconf 92' lang='lat' dir='ltr'><strong>quo</strong></span> <span class='ocrx_word' id='word_1_9' title='bbox 1476 280 1541 331; x_wconf 89' lang='lat' dir='ltr'><strong>qui</strong></span> <span class='ocrx_word' id='word_1_10' title='bbox 1578 282 1697 321; x_wconf 84' lang='lat' dir='ltr'><strong>semei</strong></span> 
     </span>
     <span class='ocr_line' id='line_1_3' title="bbox 281 339 1697 390; baseline 0.002 -13"><span class='ocrx_word' id='word_1_11' title='bbox 281 343 452 389; x_wconf 83' lang='lat' dir='ltr'><strong>gustaret</strong></span> <span class='ocrx_word' id='word_1_12' title='bbox 479 351 695 389; x_wconf 87' lang='lat' dir='ltr'><strong>numquam</strong></span> <span class='ocrx_word' id='word_1_13' title='bbox 722 343 949 387; x_wconf 88' lang='lat' dir='ltr'><strong>moreretur,</strong></span> <span class='ocrx_word' id='word_1_14' title='bbox 978 344 1016 379; x_wconf 93' lang='lat' dir='ltr'><strong>et</strong></span> <span class='ocrx_word' id='word_1_15' title='bbox 1046 339 1196 390; x_wconf 86' lang='lat' dir='ltr'><strong>lignum</strong></span> <span class='ocrx_word' id='word_1_16' title='bbox 1224 340 1381 379; x_wconf 85' lang='lat' dir='ltr'>scientie</span> <span class='ocrx_word' id='word_1_17' title='bbox 1406 340 1499 379; x_wconf 91' lang='lat' dir='ltr'><strong>boni</strong></span> <span class='ocrx_word' id='word_1_18' title='bbox 1527 345 1563 380; x_wconf 85' lang='lat' dir='ltr'><strong>et</strong></span> <span class='ocrx_word' id='word_1_19' title='bbox 1591 340 1697 381; x_wconf 82' lang='lat' dir='ltr'><strong>mali.</strong></span> 
     </span>
     <span class='ocr_line' id='line_1_4' title="bbox 280 397 1699 451; baseline 0.002 -15"><span class='ocrx_word' id='word_1_20' title='bbox 280 397 426 446; x_wconf 84' lang='lat' dir='ltr'>Posuit,</span> <span class='ocrx_word' id='word_1_21' title='bbox 453 397 627 448; x_wconf 87' lang='lat' dir='ltr'><strong>inquam,</strong></span> <span class='ocrx_word' id='word_1_22' title='bbox 655 397 855 438; x_wconf 86' lang='lat' dir='ltr'><strong>hominem</strong></span> <span class='ocrx_word' id='word_1_23' title='bbox 883 397 923 438; x_wconf 91' lang='lat' dir='ltr'><strong>in</strong></span> <span class='ocrx_word' id='word_1_24' title='bbox 942 398 1018 439; x_wconf 92' lang='lat' dir='ltr'><strong>hoc</strong></span> <span class='ocrx_word' id='word_1_25' title='bbox 1044 405 1140 447; x_wconf 88' lang='lat' dir='ltr'><strong>orto,</strong></span> <span class='ocrx_word' id='word_1_26' title='bbox 1170 405 1211 439; x_wconf 90' lang='lat' dir='ltr'><strong>ut</strong></span> <span class='ocrx_word' id='word_1_27' title='bbox 1229 405 1452 451; x_wconf 83' lang='lat' dir='ltr'><strong>operaretur</strong></span> <span class='ocrx_word' id='word_1_28' title='bbox 1466 399 1549 439; x_wconf 88' lang='lat' dir='ltr'><strong>sine</strong></span> <span class='ocrx_word' id='word_1_29' title='bbox 1567 399 1699 440; x_wconf 90' lang='lat' dir='ltr'><strong>labore</strong></span> 
     </span>
     <span class='ocr_line' id='line_1_5' title="bbox 281 457 1695 510; baseline 0.001 -14"><span class='ocrx_word' id='word_1_30' title='bbox 281 462 319 497; x_wconf 91' lang='lat' dir='ltr'><strong>et</strong></span> <span class='ocrx_word' id='word_1_31' title='bbox 360 457 509 497; x_wconf 90' lang='lat' dir='ltr'><strong>uiueret</strong></span> <span class='ocrx_word' id='word_1_32' title='bbox 549 457 589 497; x_wconf 92' lang='lat' dir='ltr'><strong>in</strong></span> <span class='ocrx_word' id='word_1_33' title='bbox 631 470 678 498; x_wconf 95' lang='lat' dir='ltr'><strong>eo</strong></span> <span class='ocrx_word' id='word_1_34' title='bbox 713 458 797 498; x_wconf 85' lang='lat' dir='ltr'><strong>sine</strong></span> <span class='ocrx_word' id='word_1_35' title='bbox 832 459 975 507; x_wconf 85' lang='lat' dir='ltr'><strong>dolore,</strong></span> <span class='ocrx_word' id='word_1_36' title='bbox 1012 471 1136 510; x_wconf 90' lang='lat' dir='ltr'><strong>usque</strong></span> <span class='ocrx_word' id='word_1_37' title='bbox 1172 460 1265 499; x_wconf 89' lang='lat' dir='ltr'><strong>dum</strong></span> <span class='ocrx_word' id='word_1_38' title='bbox 1303 472 1392 498; x_wconf 91' lang='lat' dir='ltr'><strong>eum</strong></span> <span class='ocrx_word' id='word_1_39' title='bbox 1420 459 1460 498; x_wconf 93' lang='lat' dir='ltr'><strong>in</strong></span> <span class='ocrx_word' id='word_1_40' title='bbox 1498 459 1695 499; x_wconf 87' lang='lat' dir='ltr'><strong>meliorem</strong></span> 
     </span>
    </p>

    <p class='ocr_par' dir='ltr' id='par_1_3' title="bbox 208 516 1700 1821">
     <span class='ocr_line' id='line_1_6' title="bbox 238 516 1697 558; baseline 0.003 -4"><span class='ocrx_word' id='word_1_41' title='bbox 238 517 262 553; x_wconf 82' lang='lat'>5</span> <span class='ocrx_word' id='word_1_42' title='bbox 282 516 505 557; x_wconf 84' lang='lat' dir='ltr'><strong>transferret</strong></span> <span class='ocrx_word' id='word_1_43' title='bbox 531 517 671 557; x_wconf 88' lang='lat' dir='ltr'><strong>locum.</strong></span> <span class='ocrx_word' id='word_1_44' title='bbox 727 517 838 557; x_wconf 90' lang='lat' dir='ltr'><strong>Dedit</strong></span> <span class='ocrx_word' id='word_1_45' title='bbox 857 523 986 558; x_wconf 88' lang='lat' dir='ltr'><strong>autem</strong></span> <span class='ocrx_word' id='word_1_46' title='bbox 1005 517 1061 558; x_wconf 89' lang='lat' dir='ltr'><strong>eis</strong></span> <span class='ocrx_word' id='word_1_47' title='bbox 1078 518 1271 558; x_wconf 84' lang='lat' dir='ltr'><strong>licentiam</strong></span> <span class='ocrx_word' id='word_1_48' title='bbox 1297 518 1478 558; x_wconf 88' lang='lat' dir='ltr'><strong>uescendi</strong></span> <span class='ocrx_word' id='word_1_49' title='bbox 1507 519 1554 558; x_wconf 89' lang='lat' dir='ltr'><strong>de</strong></span> <span class='ocrx_word' id='word_1_50' title='bbox 1572 518 1697 558; x_wconf 81' lang='lat' dir='ltr'><strong>fructu</strong></span> 
     </span>
     <span class='ocr_line' id='line_1_7' title="bbox 281 576 1696 629; baseline 0.001 -14"><span class='ocrx_word' id='word_1_51' title='bbox 281 576 408 615; x_wconf 89' lang='lat' dir='ltr'><strong>omnis</strong></span> <span class='ocrx_word' id='word_1_52' title='bbox 435 576 528 628; x_wconf 89' lang='lat' dir='ltr'><strong>ligni</strong></span> <span class='ocrx_word' id='word_1_53' title='bbox 555 576 733 628; x_wconf 76' lang='lat' dir='ltr'><strong>paradisi,</strong></span> <span class='ocrx_word' id='word_1_54' title='bbox 761 582 920 629; x_wconf 87' lang='lat' dir='ltr'><strong>excepto</strong></span> <span class='ocrx_word' id='word_1_55' title='bbox 939 577 1042 629; x_wconf 83' lang='lat' dir='ltr'><strong>ligno</strong></span> <span class='ocrx_word' id='word_1_56' title='bbox 1071 582 1223 617; x_wconf 88' lang='lat' dir='ltr'><strong>tantum</strong></span> <span class='ocrx_word' id='word_1_57' title='bbox 1243 578 1399 617; x_wconf 84' lang='lat' dir='ltr'><strong>scientie</strong></span> <span class='ocrx_word' id='word_1_58' title='bbox 1419 578 1510 617; x_wconf 92' lang='lat' dir='ltr'><strong>boni</strong></span> <span class='ocrx_word' id='word_1_59' title='bbox 1538 584 1575 617; x_wconf 91' lang='lat' dir='ltr'><strong>et</strong></span> <span class='ocrx_word' id='word_1_60' title='bbox 1592 577 1696 618; x_wconf 85' lang='lat' dir='ltr'><strong>mali.</strong></span> 
     </span>
     <span class='ocr_line' id='line_1_8' title="bbox 280 635 1699 688; baseline 0.001 -14"><span class='ocrx_word' id='word_1_61' title='bbox 280 635 375 675; x_wconf 87' lang='lat' dir='ltr'><strong>Illud</strong></span> <span class='ocrx_word' id='word_1_62' title='bbox 404 635 458 675; x_wconf 90' lang='lat' dir='ltr'><strong>eis</strong></span> <span class='ocrx_word' id='word_1_63' title='bbox 486 635 681 687; x_wconf 89' lang='lat' dir='ltr'><strong>prohibuit</strong></span> <span class='ocrx_word' id='word_1_64' title='bbox 709 637 948 676; x_wconf 82' lang='lat' dir='ltr'><strong>annuntians</strong></span> <span class='ocrx_word' id='word_1_65' title='bbox 976 638 1079 688; x_wconf 89' lang='lat' dir='ltr'><strong>quod</strong></span> <span class='ocrx_word' id='word_1_66' title='bbox 1107 637 1148 676; x_wconf 89' lang='lat' dir='ltr'><strong>in</strong></span> <span class='ocrx_word' id='word_1_67' title='bbox 1174 650 1418 688; x_wconf 88' lang='lat' dir='ltr'><strong>quacumque</strong></span> <span class='ocrx_word' id='word_1_68' title='bbox 1454 637 1516 676; x_wconf 91' lang='lat' dir='ltr'><strong>die</strong></span> <span class='ocrx_word' id='word_1_69' title='bbox 1542 642 1699 688; x_wconf 84' lang='lat' dir='ltr'><strong>gustare</strong></span> 
     </span>
     <span class='ocr_line' id='line_1_9' title="bbox 280 696 1700 746; baseline 0.001 -12"><span class='ocrx_word' id='word_1_70' title='bbox 280 699 560 746; x_wconf 87' lang='lat' dir='ltr'><strong>presumerent,</strong></span> <span class='ocrx_word' id='word_1_71' title='bbox 589 696 844 736; x_wconf 89' lang='lat' dir='ltr'><strong>morerentur.</strong></span> <span class='ocrx_word' id='word_1_72' title='bbox 888 696 965 736; x_wconf 88' lang='lat' dir='ltr'><strong>Sed</strong></span> <span class='ocrx_word' id='word_1_73' title='bbox 993 709 1074 736; x_wconf 90' lang='lat' dir='ltr'><strong>non</strong></span> <span class='ocrx_word' id='word_1_74' title='bbox 1102 697 1166 736; x_wconf 90' lang='lat' dir='ltr'><strong>diu</strong></span> <span class='ocrx_word' id='word_1_75' title='bbox 1195 697 1376 736; x_wconf 87' lang='lat' dir='ltr'><strong>creatoris</strong></span> <span class='ocrx_word' id='word_1_76' title='bbox 1404 697 1463 736; x_wconf 88' lang='lat' dir='ltr'><strong>sui</strong></span> <span class='ocrx_word' id='word_1_77' title='bbox 1492 710 1700 736; x_wconf 88' lang='lat' dir='ltr'><strong>seruauere</strong></span> 
     </span>
     <span class='ocr_line' id='line_1_10' title="bbox 280 754 1695 807; baseline 0.002 -14"><span class='ocrx_word' id='word_1_78' title='bbox 280 755 519 794; x_wconf 85' lang='lat' dir='ltr'><strong>mandatum.</strong></span> <span class='ocrx_word' id='word_1_79' title='bbox 575 754 676 794; x_wconf 85' lang='lat' dir='ltr'><strong>Nam</strong></span> <span class='ocrx_word' id='word_1_80' title='bbox 718 755 783 795; x_wconf 85' lang='lat' dir='ltr'><strong>uix</strong></span> <span class='ocrx_word' id='word_1_81' title='bbox 820 756 947 795; x_wconf 89' lang='lat' dir='ltr'><strong>adhuc</strong></span> <span class='ocrx_word' id='word_1_82' title='bbox 981 761 1130 807; x_wconf 88' lang='lat' dir='ltr'><strong>septem</strong></span> <span class='ocrx_word' id='word_1_83' title='bbox 1166 757 1283 797; x_wconf 87' lang='lat' dir='ltr'><strong>horas</strong></span> <span class='ocrx_word' id='word_1_84' title='bbox 1320 756 1372 796; x_wconf 93' lang='lat' dir='ltr'><strong>ibi</strong></span> <span class='ocrx_word' id='word_1_85' title='bbox 1411 756 1695 803; x_wconf 83' lang='lat' dir='ltr'><strong>habitauerant,</strong></span> 
     </span>
     <span class='ocr_line' id='line_1_11' title="bbox 213 806 1696 866; baseline 0.002 -14"><span class='ocrx_word' id='word_1_86' title='bbox 213 806 263 845; x_wconf 90' lang='lat'><strong>10</strong></span> <span class='ocrx_word' id='word_1_87' title='bbox 281 826 371 853; x_wconf 89' lang='lat' dir='ltr'><strong>cum</strong></span> <span class='ocrx_word' id='word_1_88' title='bbox 398 813 573 853; x_wconf 88' lang='lat' dir='ltr'><strong>diabolus</strong></span> <span class='ocrx_word' id='word_1_89' title='bbox 601 814 667 864; x_wconf 87' lang='lat' dir='ltr'><strong>qui</strong></span> <span class='ocrx_word' id='word_1_90' title='bbox 703 815 753 854; x_wconf 93' lang='lat' dir='ltr'><strong>ob</strong></span> <span class='ocrx_word' id='word_1_91' title='bbox 782 815 1002 866; x_wconf 86' lang='lat' dir='ltr'><strong>superbiam</strong></span> <span class='ocrx_word' id='word_1_92' title='bbox 1031 829 1107 866; x_wconf 82' lang='lat' dir='ltr'><strong>qua</strong></span> <span class='ocrx_word' id='word_1_93' title='bbox 1135 821 1269 855; x_wconf 90' lang='lat' dir='ltr'><strong>contra</strong></span> <span class='ocrx_word' id='word_1_94' title='bbox 1308 817 1423 856; x_wconf 90' lang='lat' dir='ltr'><strong>deum</strong></span> <span class='ocrx_word' id='word_1_95' title='bbox 1461 816 1696 855; x_wconf 86' lang='lat' dir='ltr'><strong>intumuerat</strong></span> 
     </span>
     <span class='ocr_line' id='line_1_12' title="bbox 280 873 1695 925; baseline 0.001 -13"><span class='ocrx_word' id='word_1_96' title='bbox 280 873 403 912; x_wconf 90' lang='lat' dir='ltr'><strong>fuerat</strong></span> <span class='ocrx_word' id='word_1_97' title='bbox 430 873 676 924; x_wconf 84' lang='lat' dir='ltr'><strong>dampnatus,</strong></span> <span class='ocrx_word' id='word_1_98' title='bbox 705 873 824 925; x_wconf 83' lang='lat' dir='ltr'><strong>glorie</strong></span> <span class='ocrx_word' id='word_1_99' title='bbox 852 879 889 913; x_wconf 90' lang='lat' dir='ltr'><strong>et</strong></span> <span class='ocrx_word' id='word_1_100' title='bbox 916 874 1082 914; x_wconf 86' lang='lat' dir='ltr'><strong>felicitati</strong></span> <span class='ocrx_word' id='word_1_101' title='bbox 1110 875 1280 915; x_wconf 86' lang='lat' dir='ltr'><strong>hominis</strong></span> <span class='ocrx_word' id='word_1_102' title='bbox 1314 875 1506 921; x_wconf 88' lang='lat' dir='ltr'><strong>inuidens,</strong></span> <span class='ocrx_word' id='word_1_103' title='bbox 1545 875 1695 914; x_wconf 85' lang='lat' dir='ltr'><strong>mulieri</strong></span> 
     </span>
     <span class='ocr_line' id='line_1_13' title="bbox 280 932 1696 986; baseline 0.002 -15"><span class='ocrx_word' id='word_1_104' title='bbox 280 937 411 983; x_wconf 88' lang='lat' dir='ltr'><strong>utpote</strong></span> <span class='ocrx_word' id='word_1_105' title='bbox 447 932 648 972; x_wconf 87' lang='lat' dir='ltr'><strong>infirmiori</strong></span> <span class='ocrx_word' id='word_1_106' title='bbox 683 946 750 972; x_wconf 91' lang='lat' dir='ltr'><strong>ore</strong></span> <span class='ocrx_word' id='word_1_107' title='bbox 787 933 977 985; x_wconf 86' lang='lat' dir='ltr'><strong>serpentis</strong></span> <span class='ocrx_word' id='word_1_108' title='bbox 1025 934 1227 986; x_wconf 83' lang='lat' dir='ltr'><strong>persuasit,</strong></span> <span class='ocrx_word' id='word_1_109' title='bbox 1274 940 1316 974; x_wconf 92' lang='lat' dir='ltr'><strong>ut</strong></span> <span class='ocrx_word' id='word_1_110' title='bbox 1354 935 1402 974; x_wconf 92' lang='lat' dir='ltr'><strong>de</strong></span> <span class='ocrx_word' id='word_1_111' title='bbox 1441 935 1566 974; x_wconf 86' lang='lat' dir='ltr'><strong>fructu</strong></span> <span class='ocrx_word' id='word_1_112' title='bbox 1602 935 1696 985; x_wconf 85' lang='lat' dir='ltr'><strong>ligni</strong></span> 
     </span>
     <span class='ocr_line' id='line_1_14' title="bbox 281 990 1695 1045; baseline 0.003 -15"><span class='ocrx_word' id='word_1_113' title='bbox 281 990 384 1031; x_wconf 87' lang='lat' dir='ltr'><strong>uetiti</strong></span> <span class='ocrx_word' id='word_1_114' title='bbox 412 993 671 1040; x_wconf 82' lang='lat' dir='ltr'><strong>comederent,</strong></span> <span class='ocrx_word' id='word_1_115' title='bbox 699 993 899 1032; x_wconf 86' lang='lat' dir='ltr'><strong>affirmans</strong></span> <span class='ocrx_word' id='word_1_116' title='bbox 918 994 1086 1033; x_wconf 82' lang='lat' dir='ltr'><strong>mendax</strong></span> <span class='ocrx_word' id='word_1_117' title='bbox 1106 995 1208 1045; x_wconf 92' lang='lat' dir='ltr'><strong>quod</strong></span> <span class='ocrx_word' id='word_1_118' title='bbox 1235 1000 1388 1045; x_wconf 87' lang='lat' dir='ltr'><strong>gustato</strong></span> <span class='ocrx_word' id='word_1_119' title='bbox 1406 994 1532 1034; x_wconf 81' lang='lat' dir='ltr'><strong>fructu</strong></span> <span class='ocrx_word' id='word_1_120' title='bbox 1561 995 1695 1034; x_wconf 81' lang='lat' dir='ltr'><strong>fierent</strong></span> 
     </span>
     <span class='ocr_line' id='line_1_15' title="bbox 279 1051 1694 1102; baseline 0.002 -12"><span class='ocrx_word' id='word_1_121' title='bbox 279 1051 515 1091; x_wconf 87' lang='lat' dir='ltr'><strong>immortales</strong></span> <span class='ocrx_word' id='word_1_122' title='bbox 544 1057 750 1102; x_wconf 85' lang='lat' dir='ltr'><strong>essentque</strong></span> <span class='ocrx_word' id='word_1_123' title='bbox 769 1051 878 1102; x_wconf 86' lang='lat' dir='ltr'><strong>quasi</strong></span> <span class='ocrx_word' id='word_1_124' title='bbox 898 1053 961 1101; x_wconf 86' lang='lat' dir='ltr'><strong>dii,</strong></span> <span class='ocrx_word' id='word_1_125' title='bbox 989 1053 1154 1093; x_wconf 88' lang='lat' dir='ltr'><strong>scientes</strong></span> <span class='ocrx_word' id='word_1_126' title='bbox 1173 1054 1322 1093; x_wconf 92' lang='lat' dir='ltr'><strong>bonum</strong></span> <span class='ocrx_word' id='word_1_127' title='bbox 1336 1059 1373 1094; x_wconf 94' lang='lat' dir='ltr'><strong>et</strong></span> <span class='ocrx_word' id='word_1_128' title='bbox 1391 1054 1551 1098; x_wconf 85' lang='lat' dir='ltr'><strong>malum,</strong></span> <span class='ocrx_word' id='word_1_129' title='bbox 1579 1055 1694 1093; x_wconf 89' lang='lat' dir='ltr'><strong>deum</strong></span> 
     </span>
     <span class='ocr_line' id='line_1_16' title="bbox 213 1110 1695 1164; baseline 0.003 -16"><span class='ocrx_word' id='word_1_130' title='bbox 213 1110 261 1149; x_wconf 86' lang='lat'><strong>15</strong></span> <span class='ocrx_word' id='word_1_131' title='bbox 281 1123 374 1150; x_wconf 88' lang='lat' dir='ltr'><strong>uero</strong></span> <span class='ocrx_word' id='word_1_132' title='bbox 416 1123 463 1150; x_wconf 85' lang='lat' dir='ltr'><strong>ex</strong></span> <span class='ocrx_word' id='word_1_133' title='bbox 501 1110 647 1150; x_wconf 86' lang='lat' dir='ltr'><strong>inuidia</strong></span> <span class='ocrx_word' id='word_1_134' title='bbox 685 1111 740 1151; x_wconf 92' lang='lat' dir='ltr'><strong>eis</strong></span> <span class='ocrx_word' id='word_1_135' title='bbox 780 1111 1001 1152; x_wconf 88' lang='lat' dir='ltr'><strong>huiusmodi</strong></span> <span class='ocrx_word' id='word_1_136' title='bbox 1041 1114 1252 1164; x_wconf 86' lang='lat' dir='ltr'><strong>denegasse</strong></span> <span class='ocrx_word' id='word_1_137' title='bbox 1302 1113 1442 1153; x_wconf 89' lang='lat' dir='ltr'><strong>cibum.</strong></span> <span class='ocrx_word' id='word_1_138' title='bbox 1525 1112 1695 1153; x_wconf 88' lang='lat' dir='ltr'><strong>Confusa</strong></span> 
     </span>
     <span class='ocr_line' id='line_1_17' title="bbox 280 1170 1693 1223; baseline 0.002 -14"><span class='ocrx_word' id='word_1_139' title='bbox 280 1170 513 1221; x_wconf 88' lang='lat' dir='ltr'><strong>deceptaque</strong></span> <span class='ocrx_word' id='word_1_140' title='bbox 540 1170 678 1210; x_wconf 90' lang='lat' dir='ltr'><strong>mulier</strong></span> <span class='ocrx_word' id='word_1_141' title='bbox 706 1171 871 1211; x_wconf 88' lang='lat' dir='ltr'><strong>comedit</strong></span> <span class='ocrx_word' id='word_1_142' title='bbox 898 1172 1076 1223; x_wconf 85' lang='lat' dir='ltr'><strong>deditque</strong></span> <span class='ocrx_word' id='word_1_143' title='bbox 1103 1172 1200 1213; x_wconf 87' lang='lat' dir='ltr'><strong>uiro.</strong></span> <span class='ocrx_word' id='word_1_144' title='bbox 1240 1172 1315 1221; x_wconf 88' lang='lat' dir='ltr'><strong>Qui</strong></span> <span class='ocrx_word' id='word_1_145' title='bbox 1343 1173 1520 1221; x_wconf 86' lang='lat' dir='ltr'><strong>comedit,</strong></span> <span class='ocrx_word' id='word_1_146' title='bbox 1549 1173 1693 1212; x_wconf 85' lang='lat' dir='ltr'><strong>statim-</strong></span> 
     </span>
     <span class='ocr_line' id='line_1_18' title="bbox 281 1231 1694 1283; baseline 0.003 -15"><span class='ocrx_word' id='word_1_147' title='bbox 281 1242 355 1279; x_wconf 88' lang='lat' dir='ltr'><strong>que</strong></span> <span class='ocrx_word' id='word_1_148' title='bbox 383 1235 590 1270; x_wconf 89' lang='lat' dir='ltr'><strong>senserunt</strong></span> <span class='ocrx_word' id='word_1_149' title='bbox 630 1231 747 1270; x_wconf 87' lang='lat' dir='ltr'><strong>ambo</strong></span> <span class='ocrx_word' id='word_1_150' title='bbox 775 1235 920 1281; x_wconf 87' lang='lat' dir='ltr'><strong>quanto</strong></span> <span class='ocrx_word' id='word_1_151' title='bbox 949 1233 1053 1272; x_wconf 89' lang='lat' dir='ltr'><strong>bono</strong></span> <span class='ocrx_word' id='word_1_152' title='bbox 1080 1232 1214 1272; x_wconf 85' lang='lat' dir='ltr'><strong>nudati</strong></span> <span class='ocrx_word' id='word_1_153' title='bbox 1242 1232 1394 1280; x_wconf 87' lang='lat' dir='ltr'><strong>fuerint,</strong></span> <span class='ocrx_word' id='word_1_154' title='bbox 1437 1232 1475 1271; x_wconf 91' lang='lat' dir='ltr'><strong>in</strong></span> <span class='ocrx_word' id='word_1_155' title='bbox 1505 1238 1694 1283; x_wconf 81' lang='lat' dir='ltr'><strong>quantum</strong></span> 
     </span>
     <span class='ocr_line' id='line_1_19' title="bbox 280 1288 1694 1342; baseline 0.003 -15"><span class='ocrx_word' id='word_1_156' title='bbox 280 1288 395 1328; x_wconf 88' lang='lat' dir='ltr'><strong>etiam</strong></span> <span class='ocrx_word' id='word_1_157' title='bbox 429 1288 634 1329; x_wconf 89' lang='lat' dir='ltr'><strong>ceciderint</strong></span> <span class='ocrx_word' id='word_1_158' title='bbox 667 1290 826 1330; x_wconf 89' lang='lat' dir='ltr'><strong>malum.</strong></span> <span class='ocrx_word' id='word_1_159' title='bbox 881 1291 982 1340; x_wconf 88' lang='lat' dir='ltr'><strong>Quid</strong></span> <span class='ocrx_word' id='word_1_160' title='bbox 1023 1291 1158 1342; x_wconf 87' lang='lat' dir='ltr'><strong>plura?</strong></span> <span class='ocrx_word' id='word_1_161' title='bbox 1213 1291 1351 1331; x_wconf 89' lang='lat' dir='ltr'><strong>Statim</strong></span> <span class='ocrx_word' id='word_1_162' title='bbox 1392 1292 1598 1331; x_wconf 86' lang='lat' dir='ltr'><strong>subsecuta</strong></span> <span class='ocrx_word' id='word_1_163' title='bbox 1637 1297 1694 1331; x_wconf 89' lang='lat' dir='ltr'><strong>est</strong></span> 
     </span>
     <span class='ocr_line' id='line_1_20' title="bbox 281 1348 1694 1402; baseline 0.003 -15"><span class='ocrx_word' id='word_1_164' title='bbox 281 1348 472 1388; x_wconf 89' lang='lat' dir='ltr'><strong>sententia</strong></span> <span class='ocrx_word' id='word_1_165' title='bbox 498 1348 631 1389; x_wconf 86' lang='lat' dir='ltr'><strong>iudicis</strong></span> <span class='ocrx_word' id='word_1_166' title='bbox 660 1349 843 1400; x_wconf 86' lang='lat' dir='ltr'><strong>eiectique</strong></span> <span class='ocrx_word' id='word_1_167' title='bbox 871 1355 963 1390; x_wconf 87' lang='lat' dir='ltr'><strong>sunt</strong></span> <span class='ocrx_word' id='word_1_168' title='bbox 990 1350 1103 1402; x_wconf 87' lang='lat' dir='ltr'><strong>primi</strong></span> <span class='ocrx_word' id='word_1_169' title='bbox 1132 1357 1310 1402; x_wconf 86' lang='lat' dir='ltr'><strong>parentes</strong></span> <span class='ocrx_word' id='word_1_170' title='bbox 1346 1352 1394 1391; x_wconf 91' lang='lat' dir='ltr'><strong>de</strong></span> <span class='ocrx_word' id='word_1_171' title='bbox 1422 1357 1505 1391; x_wconf 92' lang='lat' dir='ltr'><strong>orto</strong></span> <span class='ocrx_word' id='word_1_172' title='bbox 1541 1352 1605 1391; x_wconf 90' lang='lat' dir='ltr'><strong>illo</strong></span> <span class='ocrx_word' id='word_1_173' title='bbox 1634 1352 1694 1390; x_wconf 91' lang='lat' dir='ltr'><strong>de-</strong></span> 
     </span>
     <span class='ocr_line' id='line_1_21' title="bbox 209 1407 1696 1462; baseline 0.003 -16"><span class='ocrx_word' id='word_1_174' title='bbox 209 1407 459 1451; x_wconf 72' lang='lat' dir='ltr'><strong>201iciarum.</strong></span> <span class='ocrx_word' id='word_1_175' title='bbox 480 1414 517 1448; x_wconf 93' lang='lat' dir='ltr'><strong>et</strong></span> <span class='ocrx_word' id='word_1_176' title='bbox 544 1408 583 1448; x_wconf 94' lang='lat' dir='ltr'><strong>in</strong></span> <span class='ocrx_word' id='word_1_177' title='bbox 612 1409 714 1448; x_wconf 87' lang='lat' dir='ltr'><strong>hanc</strong></span> <span class='ocrx_word' id='word_1_178' title='bbox 742 1410 894 1450; x_wconf 85' lang='lat' dir='ltr'><strong>miserie</strong></span> <span class='ocrx_word' id='word_1_179' title='bbox 922 1415 959 1450; x_wconf 90' lang='lat' dir='ltr'><strong>et</strong></span> <span class='ocrx_word' id='word_1_180' title='bbox 986 1410 1155 1462; x_wconf 83' lang='lat' dir='ltr'><strong>caliginis</strong></span> <span class='ocrx_word' id='word_1_181' title='bbox 1192 1411 1336 1451; x_wconf 86' lang='lat' dir='ltr'><strong>detrusi</strong></span> <span class='ocrx_word' id='word_1_182' title='bbox 1371 1412 1524 1452; x_wconf 88' lang='lat' dir='ltr'><strong>uallem.</strong></span> <span class='ocrx_word' id='word_1_183' title='bbox 1581 1412 1696 1451; x_wconf 81' lang='lat' dir='ltr'><strong>Para-</strong></span> 
     </span>
     <span class='ocr_line' id='line_1_22' title="bbox 279 1468 1693 1522; baseline 0.003 -15"><span class='ocrx_word' id='word_1_184' title='bbox 279 1468 396 1518; x_wconf 84' lang='lat' dir='ltr'><strong>dysus</strong></span> <span class='ocrx_word' id='word_1_185' title='bbox 423 1472 554 1508; x_wconf 80' lang='lat' dir='ltr'><strong>autem</strong></span> <span class='ocrx_word' id='word_1_186' title='bbox 582 1482 695 1509; x_wconf 89' lang='lat' dir='ltr'><strong>muro</strong></span> <span class='ocrx_word' id='word_1_187' title='bbox 723 1471 912 1520; x_wconf 86' lang='lat' dir='ltr'><strong>igneoque</strong></span> <span class='ocrx_word' id='word_1_188' title='bbox 940 1484 1129 1522; x_wconf 86' lang='lat' dir='ltr'><strong>aquarum</strong></span> <span class='ocrx_word' id='word_1_189' title='bbox 1158 1476 1281 1511; x_wconf 86' lang='lat' dir='ltr'><strong>tractu</strong></span> <span class='ocrx_word' id='word_1_190' title='bbox 1309 1472 1583 1511; x_wconf 88' lang='lat' dir='ltr'><strong>circumclusus</strong></span> <span class='ocrx_word' id='word_1_191' title='bbox 1623 1477 1693 1511; x_wconf 89' lang='lat' dir='ltr'><strong>est.</strong></span> 
     </span>
     <span class='ocr_line' id='line_1_23' title="bbox 278 1526 1694 1614; baseline 0.003 -48"><span class='ocrx_word' id='word_1_192' title='bbox 278 1526 508 1614; x_wconf 84' lang='lat' dir='ltr'><strong>Lucinius:</strong></span> <span class='ocrx_word' id='word_1_193' title='bbox 553 1528 612 1577; x_wconf 81' lang='lat' dir='ltr'><strong>Si,</strong></span> <span class='ocrx_word' id='word_1_194' title='bbox 654 1529 790 1580; x_wconf 82' lang='lat' dir='ltr'><strong>inquit,</strong></span> <span class='ocrx_word' id='word_1_195' title='bbox 832 1530 1015 1581; x_wconf 87' lang='lat' dir='ltr'><strong>presciuit</strong></span> <span class='ocrx_word' id='word_1_196' title='bbox 1051 1531 1146 1570; x_wconf 91' lang='lat' dir='ltr'><strong>deus</strong></span> <span class='ocrx_word' id='word_1_197' title='bbox 1183 1530 1386 1570; x_wconf 89' lang='lat' dir='ltr'><strong>hominem</strong></span> <span class='ocrx_word' id='word_1_198' title='bbox 1420 1535 1694 1582; x_wconf 81' lang='lat' dir='ltr'><strong>peccaturum?</strong></span> 
     </span>
     <span class='ocr_line' id='line_1_24' title="bbox 366 1587 1695 1642; baseline 0.004 -17"><span class='ocrx_word' id='word_1_199' title='bbox 366 1587 499 1636; x_wconf 80' lang='lat' dir='ltr'><strong>Plane,</strong></span> <span class='ocrx_word' id='word_1_200' title='bbox 534 1587 658 1639; x_wconf 92' lang='lat' dir='ltr'><strong>inquit</strong></span> <span class='ocrx_word' id='word_1_201' title='bbox 686 1595 858 1638; x_wconf 79' lang='lat' dir='ltr'><strong>sanctus,</strong></span> <span class='ocrx_word' id='word_1_202' title='bbox 888 1590 1079 1642; x_wconf 81' lang='lat' dir='ltr'><strong>presciuit,</strong></span> <span class='ocrx_word' id='word_1_203' title='bbox 1118 1604 1211 1630; x_wconf 90' lang='lat' dir='ltr'><strong>nam</strong></span> <span class='ocrx_word' id='word_1_204' title='bbox 1239 1595 1277 1630; x_wconf 90' lang='lat' dir='ltr'><strong>et</strong></span> <span class='ocrx_word' id='word_1_205' title='bbox 1304 1596 1395 1630; x_wconf 87' lang='lat' dir='ltr'><strong>ante</strong></span> <span class='ocrx_word' id='word_1_206' title='bbox 1432 1590 1567 1630; x_wconf 88' lang='lat' dir='ltr'><strong>mundi</strong></span> <span class='ocrx_word' id='word_1_207' title='bbox 1604 1603 1695 1630; x_wconf 88' lang='lat' dir='ltr'><strong>con-</strong></span> 
     </span>
     <span class='ocr_line' id='line_1_25' title="bbox 279 1645 1696 1701; baseline 0.003 -16"><span class='ocrx_word' id='word_1_208' title='bbox 279 1645 516 1686; x_wconf 88' lang='lat' dir='ltr'><strong>stitutionem</strong></span> <span class='ocrx_word' id='word_1_209' title='bbox 543 1648 724 1699; x_wconf 89' lang='lat' dir='ltr'><strong>presciuit</strong></span> <span class='ocrx_word' id='word_1_210' title='bbox 761 1654 799 1689; x_wconf 86' lang='lat' dir='ltr'><strong>et</strong></span> <span class='ocrx_word' id='word_1_211' title='bbox 835 1649 998 1701; x_wconf 89' lang='lat' dir='ltr'><strong>preuidit</strong></span> <span class='ocrx_word' id='word_1_212' title='bbox 1041 1650 1168 1701; x_wconf 86' lang='lat' dir='ltr'><strong>qualia</strong></span> <span class='ocrx_word' id='word_1_213' title='bbox 1205 1663 1356 1700; x_wconf 90' lang='lat' dir='ltr'><strong>queque</strong></span> <span class='ocrx_word' id='word_1_214' title='bbox 1390 1655 1520 1690; x_wconf 89' lang='lat' dir='ltr'><strong>essent</strong></span> <span class='ocrx_word' id='word_1_215' title='bbox 1553 1650 1696 1697; x_wconf 80' lang='lat' dir='ltr'><strong>futura,</strong></span> 
     </span>
     <span class='ocr_line' id='line_1_26' title="bbox 208 1703 1695 1761; baseline 0.005 -19"><span class='ocrx_word' id='word_1_216' title='bbox 208 1703 260 1743; x_wconf 77' lang='lat'><strong>25</strong></span> <span class='ocrx_word' id='word_1_217' title='bbox 279 1706 533 1757; x_wconf 86' lang='lat' dir='ltr'><strong>preteritaque</strong></span> <span class='ocrx_word' id='word_1_218' title='bbox 559 1712 597 1747; x_wconf 90' lang='lat' dir='ltr'><strong>et</strong></span> <span class='ocrx_word' id='word_1_219' title='bbox 624 1708 752 1748; x_wconf 83' lang='lat' dir='ltr'><strong>futura</strong></span> <span class='ocrx_word' id='word_1_220' title='bbox 779 1708 888 1759; x_wconf 90' lang='lat' dir='ltr'><strong>quasi</strong></span> <span class='ocrx_word' id='word_1_221' title='bbox 917 1709 1110 1760; x_wconf 89' lang='lat' dir='ltr'><strong>presentia</strong></span> <span class='ocrx_word' id='word_1_222' title='bbox 1134 1708 1426 1760; x_wconf 88' lang='lat' dir='ltr'><strong>comprehendit</strong></span> <span class='ocrx_word' id='word_1_223' title='bbox 1454 1715 1492 1749; x_wconf 93' lang='lat' dir='ltr'><strong>et</strong></span> <span class='ocrx_word' id='word_1_224' title='bbox 1509 1710 1695 1761; x_wconf 88' lang='lat' dir='ltr'><strong>conspicit</strong></span> 
     </span>
     <span class='ocr_line' id='line_1_27' title="bbox 278 1766 1694 1821; baseline 0.004 -17"><span class='ocrx_word' id='word_1_225' title='bbox 278 1778 347 1805; x_wconf 89' lang='lat' dir='ltr'><strong>sue</strong></span> <span class='ocrx_word' id='word_1_226' title='bbox 362 1766 495 1806; x_wconf 89' lang='lat' dir='ltr'><strong>oculus</strong></span> <span class='ocrx_word' id='word_1_227' title='bbox 515 1767 734 1808; x_wconf 87' lang='lat' dir='ltr'><strong>maiestatis.</strong></span> <span class='ocrx_word' id='word_1_228' title='bbox 764 1768 965 1809; x_wconf 85' lang='lat' dir='ltr'><strong>Lucinius:</strong></span> <span class='ocrx_word' id='word_1_229' title='bbox 982 1769 1024 1809; x_wconf 92' lang='lat' dir='ltr'><strong>Si</strong></span> <span class='ocrx_word' id='word_1_230' title='bbox 1038 1769 1151 1821; x_wconf 83' lang='lat' dir='ltr'><strong>igitur</strong></span> <span class='ocrx_word' id='word_1_231' title='bbox 1164 1769 1344 1820; x_wconf 88' lang='lat' dir='ltr'><strong>presciuit</strong></span> <span class='ocrx_word' id='word_1_232' title='bbox 1356 1769 1525 1809; x_wconf 87' lang='lat' dir='ltr'><strong>hominis</strong></span> <span class='ocrx_word' id='word_1_233' title='bbox 1545 1783 1694 1817; x_wconf 88' lang='lat' dir='ltr'><strong>casum,</strong></span> 
     </span>
    </p>

    <p class='ocr_par' dir='ltr' id='par_1_4' title="bbox 206 1827 1696 2297">
     <span class='ocr_line' id='line_1_28' title="bbox 254 1827 1695 1880; baseline 0.003 -16"><span class='ocrx_word' id='word_1_234' title='bbox 254 1846 255 1849; x_wconf 62' lang='lat'><em>=</em></span> <span class='ocrx_word' id='word_1_235' title='bbox 277 1837 396 1876; x_wconf 89' lang='lat' dir='ltr'><strong>quare</strong></span> <span class='ocrx_word' id='word_1_236' title='bbox 422 1827 530 1866; x_wconf 87' lang='lat' dir='ltr'><strong>hunc</strong></span> <span class='ocrx_word' id='word_1_237' title='bbox 547 1828 663 1867; x_wconf 87' lang='lat' dir='ltr'><strong>talem</strong></span> <span class='ocrx_word' id='word_1_238' title='bbox 681 1828 849 1868; x_wconf 90' lang='lat' dir='ltr'><strong>condidit</strong></span> <span class='ocrx_word' id='word_1_239' title='bbox 867 1829 932 1880; x_wconf 92' lang='lat' dir='ltr'><strong>qui</strong></span> <span class='ocrx_word' id='word_1_240' title='bbox 950 1834 1082 1880; x_wconf 88' lang='lat' dir='ltr'><strong>posset</strong></span> <span class='ocrx_word' id='word_1_241' title='bbox 1109 1830 1255 1878; x_wconf 89' lang='lat' dir='ltr'><strong>cadere,</strong></span> <span class='ocrx_word' id='word_1_242' title='bbox 1289 1829 1350 1869; x_wconf 89' lang='lat' dir='ltr'><strong>uel</strong></span> <span class='ocrx_word' id='word_1_243' title='bbox 1369 1842 1488 1880; x_wconf 88' lang='lat' dir='ltr'><strong>quare</strong></span> <span class='ocrx_word' id='word_1_244' title='bbox 1514 1829 1695 1869; x_wconf 89' lang='lat' dir='ltr'><strong>arborem</strong></span> 
     </span>
     <span class='ocr_line' id='line_1_29' title="bbox 277 1885 1696 1940; baseline 0.002 -16"><span class='ocrx_word' id='word_1_245' title='bbox 277 1885 382 1925; x_wconf 88' lang='lat' dir='ltr'><strong>illam</strong></span> <span class='ocrx_word' id='word_1_246' title='bbox 400 1886 588 1937; x_wconf 84' lang='lat' dir='ltr'><strong>plantauit</strong></span> <span class='ocrx_word' id='word_1_247' title='bbox 615 1900 690 1938; x_wconf 91' lang='lat' dir='ltr'><strong>que</strong></span> <span class='ocrx_word' id='word_1_248' title='bbox 708 1888 805 1928; x_wconf 85' lang='lat' dir='ltr'><strong>foret</strong></span> <span class='ocrx_word' id='word_1_249' title='bbox 823 1888 972 1928; x_wconf 90' lang='lat' dir='ltr'><strong>homini</strong></span> <span class='ocrx_word' id='word_1_250' title='bbox 1000 1889 1182 1940; x_wconf 88' lang='lat' dir='ltr'><strong>peccandi</strong></span> <span class='ocrx_word' id='word_1_251' title='bbox 1203 1888 1362 1929; x_wconf 84' lang='lat' dir='ltr'><strong>materia</strong></span> <span class='ocrx_word' id='word_1_252' title='bbox 1381 1894 1418 1928; x_wconf 93' lang='lat' dir='ltr'><strong>et</strong></span> <span class='ocrx_word' id='word_1_253' title='bbox 1437 1888 1696 1928; x_wconf 85' lang='lat' dir='ltr'><strong>damnationis</strong></span> 
     </span>
     <span class='ocr_line' id='line_1_30' title="bbox 278 1945 1694 2000; baseline 0.001 -16"><span class='ocrx_word' id='word_1_254' title='bbox 278 1945 438 1994; x_wconf 90' lang='lat' dir='ltr'><strong>occasi0‚</strong></span> <span class='ocrx_word' id='word_1_255' title='bbox 468 1946 668 1997; x_wconf 83' lang='lat' dir='ltr'><strong>presertim</strong></span> <span class='ocrx_word' id='word_1_256' title='bbox 697 1960 786 1987; x_wconf 90' lang='lat' dir='ltr'><strong>cum</strong></span> <span class='ocrx_word' id='word_1_257' title='bbox 805 1952 846 1988; x_wconf 93' lang='lat' dir='ltr'><strong>tu</strong></span> <span class='ocrx_word' id='word_1_258' title='bbox 874 1949 980 1988; x_wconf 89' lang='lat' dir='ltr'><strong>hunc</strong></span> <span class='ocrx_word' id='word_1_259' title='bbox 1007 1961 1161 1988; x_wconf 87' lang='lat' dir='ltr'><strong>summe</strong></span> <span class='ocrx_word' id='word_1_260' title='bbox 1180 1949 1328 1988; x_wconf 91' lang='lat' dir='ltr'><strong>bonum</strong></span> <span class='ocrx_word' id='word_1_261' title='bbox 1356 1948 1527 2000; x_wconf 89' lang='lat' dir='ltr'><strong>predices</strong></span> <span class='ocrx_word' id='word_1_262' title='bbox 1555 1953 1593 1988; x_wconf 92' lang='lat' dir='ltr'><strong>et</strong></span> <span class='ocrx_word' id='word_1_263' title='bbox 1621 1949 1694 1987; x_wconf 79' lang='lat' dir='ltr'><strong>hoc</strong></span> 
     </span>
     <span class='ocr_line' id='line_1_31' title="bbox 206 1999 1695 2060; baseline 0.002 -16"><span class='ocrx_word' id='word_1_264' title='bbox 206 1999 260 2038; x_wconf 90' lang='lat'><strong>30</strong></span> <span class='ocrx_word' id='word_1_265' title='bbox 278 2017 431 2056; x_wconf 91' lang='lat' dir='ltr'><strong>quoque</strong></span> <span class='ocrx_word' id='word_1_266' title='bbox 458 2006 567 2046; x_wconf 88' lang='lat' dir='ltr'><strong>Plato</strong></span> <span class='ocrx_word' id='word_1_267' title='bbox 595 2011 728 2047; x_wconf 92' lang='lat' dir='ltr'><strong>noster</strong></span> <span class='ocrx_word' id='word_1_268' title='bbox 756 2008 947 2048; x_wconf 80' lang='lat' dir='ltr'><strong>affirmet?</strong></span> <span class='ocrx_word' id='word_1_269' title='bbox 1003 2008 1115 2048; x_wconf 88' lang='lat' dir='ltr'><strong>Certe</strong></span> <span class='ocrx_word' id='word_1_270' title='bbox 1143 2008 1176 2048; x_wconf 86' lang='lat' dir='ltr'><strong>si</strong></span> <span class='ocrx_word' id='word_1_271' title='bbox 1203 2007 1383 2060; x_wconf 89' lang='lat' dir='ltr'><strong>presciuit</strong></span> <span class='ocrx_word' id='word_1_272' title='bbox 1410 2014 1447 2047; x_wconf 91' lang='lat' dir='ltr'><strong>et</strong></span> <span class='ocrx_word' id='word_1_273' title='bbox 1474 2008 1596 2059; x_wconf 91' lang='lat' dir='ltr'><strong>potuit</strong></span> <span class='ocrx_word' id='word_1_274' title='bbox 1624 2021 1695 2047; x_wconf 88' lang='lat' dir='ltr'><strong>nee</strong></span> 
     </span>
     <span class='ocr_line' id='line_1_32' title="bbox 279 2065 1696 2119; baseline 0.001 -15"><span class='ocrx_word' id='word_1_275' title='bbox 279 2065 400 2104; x_wconf 90' lang='lat' dir='ltr'><strong>uoluit</strong></span> <span class='ocrx_word' id='word_1_276' title='bbox 428 2079 450 2105; x_wconf 87' lang='lat' dir='ltr'><strong>a</strong></span> <span class='ocrx_word' id='word_1_277' title='bbox 477 2066 588 2117; x_wconf 88' lang='lat' dir='ltr'><strong>lapsu</strong></span> <span class='ocrx_word' id='word_1_278' title='bbox 608 2067 813 2116; x_wconf 88' lang='lat' dir='ltr'><strong>custodire,</strong></span> <span class='ocrx_word' id='word_1_279' title='bbox 842 2080 931 2108; x_wconf 91' lang='lat' dir='ltr'><strong>reus</strong></span> <span class='ocrx_word' id='word_1_280' title='bbox 950 2073 1009 2108; x_wconf 87' lang='lat' dir='ltr'><strong>est</strong></span> <span class='ocrx_word' id='word_1_281' title='bbox 1036 2067 1322 2119; x_wconf 87' lang='lat' dir='ltr'><strong>dampnationis</strong></span> <span class='ocrx_word' id='word_1_282' title='bbox 1340 2068 1423 2107; x_wconf 90' lang='lat' dir='ltr'><strong>eius</strong></span> <span class='ocrx_word' id='word_1_283' title='bbox 1442 2072 1479 2107; x_wconf 93' lang='lat' dir='ltr'><strong>et</strong></span> <span class='ocrx_word' id='word_1_284' title='bbox 1498 2067 1696 2119; x_wconf 86' lang='lat' dir='ltr'><strong>culpabilis</strong></span> 
     </span>
     <span class='ocr_line' id='line_1_33' title="bbox 278 2124 1693 2178; baseline 0.001 -15"><span class='ocrx_word' id='word_1_285' title='bbox 278 2124 435 2174; x_wconf 88' lang='lat' dir='ltr'><strong>dicetur,</strong></span> <span class='ocrx_word' id='word_1_286' title='bbox 464 2139 536 2165; x_wconf 88' lang='lat' dir='ltr'><strong>nee</strong></span> <span class='ocrx_word' id='word_1_287' title='bbox 563 2126 640 2166; x_wconf 87' lang='lat' dir='ltr'><strong>iam</strong></span> <span class='ocrx_word' id='word_1_288' title='bbox 669 2139 823 2167; x_wconf 88' lang='lat' dir='ltr'><strong>summe</strong></span> <span class='ocrx_word' id='word_1_289' title='bbox 841 2128 969 2167; x_wconf 89' lang='lat' dir='ltr'><strong>bonus</strong></span> <span class='ocrx_word' id='word_1_290' title='bbox 997 2127 1078 2167; x_wconf 90' lang='lat' dir='ltr'><strong>erit.</strong></span> <span class='ocrx_word' id='word_1_291' title='bbox 1119 2127 1160 2166; x_wconf 92' lang='lat' dir='ltr'><strong>Si</strong></span> <span class='ocrx_word' id='word_1_292' title='bbox 1179 2132 1309 2167; x_wconf 90' lang='lat' dir='ltr'><strong>autem</strong></span> <span class='ocrx_word' id='word_1_293' title='bbox 1329 2127 1450 2167; x_wconf 92' lang='lat' dir='ltr'><strong>uoluit</strong></span> <span class='ocrx_word' id='word_1_294' title='bbox 1469 2140 1540 2167; x_wconf 90' lang='lat' dir='ltr'><strong>nec</strong></span> <span class='ocrx_word' id='word_1_295' title='bbox 1558 2127 1693 2178; x_wconf 86' lang='lat' dir='ltr'><strong>potuit,</strong></span> 
     </span>
     <span class='ocr_line' id='line_1_34' title="bbox 277 2184 1694 2238; baseline 0.002 -15"><span class='ocrx_word' id='word_1_296' title='bbox 277 2184 501 2235; x_wconf 90' lang='lat' dir='ltr'><strong>impotentie</strong></span> <span class='ocrx_word' id='word_1_297' title='bbox 528 2186 665 2226; x_wconf 89' lang='lat' dir='ltr'><strong>merito</strong></span> <span class='ocrx_word' id='word_1_298' title='bbox 692 2192 885 2238; x_wconf 85' lang='lat' dir='ltr'><strong>arguetur.</strong></span> <span class='ocrx_word' id='word_1_299' title='bbox 941 2187 1089 2235; x_wconf 88' lang='lat' dir='ltr'><strong>Quodsi</strong></span> <span class='ocrx_word' id='word_1_300' title='bbox 1125 2187 1210 2227; x_wconf 93' lang='lat' dir='ltr'><strong>ideo</strong></span> <span class='ocrx_word' id='word_1_301' title='bbox 1246 2188 1382 2227; x_wconf 82' lang='lat' dir='ltr'><strong>cadere</strong></span> <span class='ocrx_word' id='word_1_302' title='bbox 1422 2186 1592 2238; x_wconf 85' lang='lat' dir='ltr'><strong>permisit</strong></span> <span class='ocrx_word' id='word_1_303' title='bbox 1629 2191 1694 2226; x_wconf 86' lang='lat' dir='ltr'><strong>aut</strong></span> 
     </span>
     <span class='ocr_line' id='line_1_35' title="bbox 276 2243 1695 2297; baseline 0.001 -14"><span class='ocrx_word' id='word_1_304' title='bbox 276 2243 409 2292; x_wconf 91' lang='lat' dir='ltr'><strong>uoluit,</strong></span> <span class='ocrx_word' id='word_1_305' title='bbox 439 2250 482 2284; x_wconf 91' lang='lat' dir='ltr'><strong>ut</strong></span> <span class='ocrx_word' id='word_1_306' title='bbox 508 2245 614 2285; x_wconf 92' lang='lat' dir='ltr'><strong>hunc</strong></span> <span class='ocrx_word' id='word_1_307' title='bbox 632 2245 771 2285; x_wconf 90' lang='lat' dir='ltr'><strong>iterum</strong></span> <span class='ocrx_word' id='word_1_308' title='bbox 801 2246 1000 2294; x_wconf 77' lang='lat' dir='ltr'><strong>releuaret,</strong></span> <span class='ocrx_word' id='word_1_309' title='bbox 1029 2246 1180 2286; x_wconf 90' lang='lat' dir='ltr'><strong>ociosus</strong></span> <span class='ocrx_word' id='word_1_310' title='bbox 1194 2246 1386 2286; x_wconf 88' lang='lat' dir='ltr'><strong>michiuel</strong></span> <span class='ocrx_word' id='word_1_311' title='bbox 1405 2246 1590 2297; x_wconf 91' lang='lat' dir='ltr'><strong>insipiens</strong></span> <span class='ocrx_word' id='word_1_312' title='bbox 1609 2259 1695 2285; x_wconf 80' lang='lat' dir='ltr'><strong>esse</strong></span> 
     </span>
    </p>
   </div>
   <div class='ocr_carea' id='block_1_3' title="bbox 282 2316 565 2323">
    <p class='ocr_par' dir='ltr' id='par_1_5' title="bbox 282 2316 565 2323">
     <span class='ocr_line' id='line_1_36' title="bbox 282 2316 565 2323; baseline 0 607"><span class='ocrx_word' id='word_1_313' title='bbox 282 2316 565 2323; x_wconf 95' lang='lat' dir='ltr'><strong> </strong></span> 
     </span>
    </p>
   </div>
   <div class='ocr_carea' id='block_1_4' title="bbox 274 2343 1696 2713">
    <p class='ocr_par' dir='ltr' id='par_1_6' title="bbox 274 2343 1696 2713">
     <span class='ocr_line' id='line_1_37' title="bbox 396 2343 1690 2392; baseline -0.001 -11"><span class='ocrx_word' id='word_1_314' title='bbox 396 2347 452 2390; x_wconf 70' lang='lat' dir='ltr'><strong>1s2</strong></span> <span class='ocrx_word' id='word_1_315' title='bbox 478 2347 522 2382; x_wconf 91' lang='lat' dir='ltr'><strong>de</strong></span> <span class='ocrx_word' id='word_1_316' title='bbox 546 2358 618 2392; x_wconf 90' lang='lat' dir='ltr'><strong>quo</strong></span> <span class='ocrx_word' id='word_1_317' title='bbox 635 2343 645 2382; x_wconf 62' lang='grc' dir='ltr'>ζ</span> <span class='ocrx_word' id='word_1_318' title='bbox 664 2373 672 2382; x_wconf 92' lang='grc'><strong>.</strong></span> <span class='ocrx_word' id='word_1_319' title='bbox 691 2374 699 2382; x_wconf 92' lang='grc'><strong>.</strong></span> <span class='ocrx_word' id='word_1_320' title='bbox 726 2358 815 2383; x_wconf 90' lang='lat' dir='ltr'><strong>mor.</strong></span> <span class='ocrx_word' id='word_1_321' title='bbox 840 2348 930 2392; x_wconf 78' lang='lat' dir='ltr'><strong>fehlt</strong></span> <span class='ocrx_word' id='word_1_322' title='bbox 959 2347 1091 2392; x_wconf 81' lang='lat' dir='ltr'><strong>OPpV.</strong></span> <span class='ocrx_word' id='word_1_323' title='bbox 1119 2366 1162 2373; x_wconf 93' lang='lat'>-</span> <span class='ocrx_word' id='word_1_324' title='bbox 1188 2350 1210 2382; x_wconf 87' lang='grc'>9</span> <span class='ocrx_word' id='word_1_325' title='bbox 1234 2347 1333 2382; x_wconf 85' lang='lat' dir='ltr'><strong>horis</strong></span> <span class='ocrx_word' id='word_1_326' title='bbox 1361 2347 1490 2391; x_wconf 78' lang='lat' dir='ltr'><strong>OPpV</strong></span> <span class='ocrx_word' id='word_1_327' title='bbox 1514 2365 1554 2371; x_wconf 92' lang='lat'>—</span> <span class='ocrx_word' id='word_1_328' title='bbox 1580 2346 1690 2380; x_wconf 90' lang='lat' dir='ltr'><strong>habu-</strong></span> 
     </span>
     <span class='ocr_line' id='line_1_38' title="bbox 274 2400 1692 2446; baseline -0.003 -10"><span class='ocrx_word' id='word_1_329' title='bbox 274 2403 376 2436; x_wconf 87' lang='lat' dir='ltr'><strong>erant</strong></span> <span class='ocrx_word' id='word_1_330' title='bbox 402 2401 444 2435; x_wconf 82' lang='lat' dir='ltr'><strong>L.</strong></span> <span class='ocrx_word' id='word_1_331' title='bbox 483 2419 524 2426; x_wconf 90' lang='lat'>—</span> <span class='ocrx_word' id='word_1_332' title='bbox 567 2401 611 2435; x_wconf 83' lang='lat'><strong>15</strong></span> <span class='ocrx_word' id='word_1_333' title='bbox 641 2410 790 2445; x_wconf 70' lang='lat' dir='ltr'><strong>negasse</strong></span> <span class='ocrx_word' id='word_1_334' title='bbox 824 2401 959 2446; x_wconf 74' lang='lat' dir='ltr'><strong>OVPp.</strong></span> <span class='ocrx_word' id='word_1_335' title='bbox 997 2421 1043 2428; x_wconf 92' lang='lat'><strong>—-</strong></span> <span class='ocrx_word' id='word_1_336' title='bbox 1083 2402 1188 2444; x_wconf 83' lang='grc'>15116</span> <span class='ocrx_word' id='word_1_337' title='bbox 1219 2401 1451 2436; x_wconf 48' lang='lat' dir='ltr'><strong>confusam.</strong></span> <span class='ocrx_word' id='word_1_338' title='bbox 1488 2400 1567 2434; x_wconf 89' lang='lat' dir='ltr'><strong>uiro</strong></span> <span class='ocrx_word' id='word_1_339' title='bbox 1604 2400 1692 2442; x_wconf 74' lang='lat' dir='ltr'><strong>fehlt</strong></span> 
     </span>
     <span class='ocr_line' id='line_1_39' title="bbox 278 2452 1692 2500; baseline -0.001 -11"><span class='ocrx_word' id='word_1_340' title='bbox 278 2454 402 2499; x_wconf 82' lang='lat' dir='ltr'><strong>OPpV</strong></span> <span class='ocrx_word' id='word_1_341' title='bbox 425 2472 469 2479; x_wconf 94' lang='lat'>—</span> <span class='ocrx_word' id='word_1_342' title='bbox 494 2453 644 2489; x_wconf 81' lang='lat' dir='ltr'><strong>Perfusa</strong></span> <span class='ocrx_word' id='word_1_343' title='bbox 666 2455 719 2500; x_wconf 89' lang='lat' dir='ltr'><strong>L;</strong></span> <span class='ocrx_word' id='word_1_344' title='bbox 745 2454 920 2489; x_wconf 83' lang='lat' dir='ltr'><strong>Persuasa</strong></span> <span class='ocrx_word' id='word_1_345' title='bbox 936 2455 1013 2489; x_wconf 76' lang='lat' dir='ltr'><strong>will</strong></span> <span class='ocrx_word' id='word_1_346' title='bbox 1030 2453 1073 2490; x_wconf 76' lang='lat' dir='ltr'><strong>G.</strong></span> <span class='ocrx_word' id='word_1_347' title='bbox 1092 2455 1128 2489; x_wconf 87' lang='lat' dir='ltr'><strong>P.</strong></span> <span class='ocrx_word' id='word_1_348' title='bbox 1154 2472 1200 2479; x_wconf 91' lang='lat'><strong>—-</strong></span> <span class='ocrx_word' id='word_1_349' title='bbox 1234 2454 1338 2497; x_wconf 83' lang='grc'><strong>16117</strong></span> <span class='ocrx_word' id='word_1_350' title='bbox 1366 2452 1435 2497; x_wconf 89' lang='lat' dir='ltr'><strong>Qui</strong></span> <span class='ocrx_word' id='word_1_351' title='bbox 1458 2453 1692 2488; x_wconf 87' lang='lat' dir='ltr'><strong>comederunt</strong></span> 
     </span>
     <span class='ocr_line' id='line_1_40' title="bbox 274 2507 1691 2553; baseline -0.001 -10"><span class='ocrx_word' id='word_1_352' title='bbox 274 2510 317 2543; x_wconf 86' lang='lat' dir='ltr'><strong>st.</strong></span> <span class='ocrx_word' id='word_1_353' title='bbox 335 2510 594 2543; x_wconf 81' lang='lat' dir='ltr'><strong>consenserunt</strong></span> <span class='ocrx_word' id='word_1_354' title='bbox 610 2519 643 2543; x_wconf 85' lang='lat' dir='ltr'><strong>a.</strong></span> <span class='ocrx_word' id='word_1_355' title='bbox 660 2507 743 2543; x_wconf 90' lang='lat' dir='ltr'><strong>uide</strong></span> <span class='ocrx_word' id='word_1_356' title='bbox 759 2519 818 2553; x_wconf 90' lang='lat' dir='ltr'><strong>qu.</strong></span> <span class='ocrx_word' id='word_1_357' title='bbox 837 2508 975 2543; x_wconf 89' lang='lat' dir='ltr'><strong>honore</strong></span> <span class='ocrx_word' id='word_1_358' title='bbox 991 2519 1025 2543; x_wconf 88' lang='lat' dir='ltr'><strong>n.</strong></span> <span class='ocrx_word' id='word_1_359' title='bbox 1044 2508 1180 2552; x_wconf 67' lang='lat' dir='ltr'><strong>ospV.</strong></span> <span class='ocrx_word' id='word_1_360' title='bbox 1197 2528 1241 2534; x_wconf 86' lang='lat'><strong>-—</strong></span> <span class='ocrx_word' id='word_1_361' title='bbox 1263 2508 1307 2542; x_wconf 88' lang='lat'><strong>19</strong></span> <span class='ocrx_word' id='word_1_362' title='bbox 1323 2507 1506 2552; x_wconf 86' lang='lat' dir='ltr'><strong>ereptique</strong></span> <span class='ocrx_word' id='word_1_363' title='bbox 1527 2508 1624 2551; x_wconf 83' lang='lat' dir='ltr'><strong>OPp.</strong></span> <span class='ocrx_word' id='word_1_364' title='bbox 1650 2527 1691 2531; x_wconf 47' lang='lat' dir='ltr'><strong>—w</strong></span> 
     </span>
     <span class='ocr_line' id='line_1_41' title="bbox 275 2560 1690 2606; baseline -0.002 -9"><span class='ocrx_word' id='word_1_365' title='bbox 275 2563 317 2597; x_wconf 76' lang='lat'><strong>21</strong></span> <span class='ocrx_word' id='word_1_366' title='bbox 333 2572 438 2597; x_wconf 87' lang='lat' dir='ltr'><strong>muro</strong></span> <span class='ocrx_word' id='word_1_367' title='bbox 451 2571 656 2606; x_wconf 77' lang='lat' dir='ltr'><strong>magnoque</strong></span> <span class='ocrx_word' id='word_1_368' title='bbox 681 2563 751 2597; x_wconf 79' lang='lat' dir='ltr'><strong>alle</strong></span> <span class='ocrx_word' id='word_1_369' title='bbox 764 2563 849 2597; x_wconf 75' lang='lat' dir='ltr'><strong>Hes.</strong></span> <span class='ocrx_word' id='word_1_370' title='bbox 866 2562 982 2597; x_wconf 68' lang='lat' dir='ltr'><strong>autier</strong></span> <span class='ocrx_word' id='word_1_371' title='bbox 992 2562 1036 2597; x_wconf 85' lang='lat' dir='ltr'><strong>L.</strong></span> <span class='ocrx_word' id='word_1_372' title='bbox 1055 2580 1101 2586; x_wconf 92' lang='lat'>—</span> <span class='ocrx_word' id='word_1_373' title='bbox 1125 2572 1207 2606; x_wconf 81' lang='lat' dir='ltr'><strong>aqu.</strong></span> <span class='ocrx_word' id='word_1_374' title='bbox 1221 2560 1371 2596; x_wconf 85' lang='lat' dir='ltr'><strong>circuitu</strong></span> <span class='ocrx_word' id='word_1_375' title='bbox 1388 2561 1427 2595; x_wconf 89' lang='lat'><strong>0.</strong></span> <span class='ocrx_word' id='word_1_376' title='bbox 1455 2580 1498 2584; x_wconf 97' lang='lat'><strong>—</strong></span> <span class='ocrx_word' id='word_1_377' title='bbox 1524 2561 1569 2595; x_wconf 70' lang='lat'><strong>22</strong></span> <span class='ocrx_word' id='word_1_378' title='bbox 1590 2560 1690 2595; x_wconf 88' lang='lat' dir='ltr'><strong>Tunc</strong></span> 
     </span>
     <span class='ocr_line' id='line_1_42' title="bbox 274 2614 1696 2660; baseline -0.004 -9"><span class='ocrx_word' id='word_1_379' title='bbox 274 2616 342 2651; x_wconf 70' lang='lat' dir='ltr'><strong>luc,</strong></span> <span class='ocrx_word' id='word_1_380' title='bbox 384 2615 421 2651; x_wconf 91' lang='lat' dir='ltr'><strong>Si</strong></span> <span class='ocrx_word' id='word_1_381' title='bbox 445 2615 543 2651; x_wconf 90' lang='lat' dir='ltr'><strong>enim</strong></span> <span class='ocrx_word' id='word_1_382' title='bbox 577 2616 666 2660; x_wconf 80' lang='lat' dir='ltr'><strong>OPp</strong></span> <span class='ocrx_word' id='word_1_383' title='bbox 689 2637 733 2642; x_wconf 88' lang='lat'>—</span> <span class='ocrx_word' id='word_1_384' title='bbox 759 2616 827 2651; x_wconf 89' lang='lat' dir='ltr'><strong>luc.</strong></span> <span class='ocrx_word' id='word_1_385' title='bbox 859 2615 1041 2660; x_wconf 89' lang='lat' dir='ltr'><strong>Numquid</strong></span> <span class='ocrx_word' id='word_1_386' title='bbox 1066 2625 1117 2660; x_wconf 85' lang='lat' dir='ltr'><strong>pr.</strong></span> <span class='ocrx_word' id='word_1_387' title='bbox 1143 2615 1176 2649; x_wconf 83' lang='lat' dir='ltr'><em>V</em></span> <span class='ocrx_word' id='word_1_388' title='bbox 1211 2633 1255 2640; x_wconf 89' lang='lat'>—</span> <span class='ocrx_word' id='word_1_389' title='bbox 1292 2625 1460 2649; x_wconf 79' lang='lat' dir='ltr'><strong>casurum</strong></span> <span class='ocrx_word' id='word_1_390' title='bbox 1494 2614 1533 2647; x_wconf 82' lang='lat' dir='ltr'><strong>V.</strong></span> <span class='ocrx_word' id='word_1_391' title='bbox 1573 2632 1616 2636; x_wconf 93' lang='lat'><strong>——</strong></span> <span class='ocrx_word' id='word_1_392' title='bbox 1648 2614 1696 2648; x_wconf 59' lang='lat'><strong>22}</strong></span> 
     </span>
     <span class='ocr_line' id='line_1_43' title="bbox 274 2668 1644 2713; baseline -0.002 -8"><span class='ocrx_word' id='word_1_393' title='bbox 274 2680 459 2705; x_wconf 88' lang='lat' dir='ltr'><strong>summum</strong></span> <span class='ocrx_word' id='word_1_394' title='bbox 490 2669 628 2705; x_wconf 89' lang='lat' dir='ltr'><strong>bonum</strong></span> <span class='ocrx_word' id='word_1_395' title='bbox 657 2670 685 2705; x_wconf 92' lang='grc' dir='ltr'><em>Ο</em></span> <span class='ocrx_word' id='word_1_396' title='bbox 710 2689 755 2695; x_wconf 85' lang='grc'>-</span> <span class='ocrx_word' id='word_1_397' title='bbox 781 2669 826 2704; x_wconf 74' lang='lat'><strong>32</strong></span> <span class='ocrx_word' id='word_1_398' title='bbox 851 2671 904 2704; x_wconf 89' lang='lat' dir='ltr'><strong>est</strong></span> <span class='ocrx_word' id='word_1_399' title='bbox 926 2670 1002 2713; x_wconf 81' lang='lat' dir='ltr'><strong>pV.</strong></span> <span class='ocrx_word' id='word_1_400' title='bbox 1029 2687 1071 2694; x_wconf 92' lang='lat'>—</span> <span class='ocrx_word' id='word_1_401' title='bbox 1098 2669 1144 2703; x_wconf 88' lang='grc'><strong>33</strong></span> <span class='ocrx_word' id='word_1_402' title='bbox 1168 2678 1280 2713; x_wconf 89' lang='lat' dir='ltr'><strong>perm.</strong></span> <span class='ocrx_word' id='word_1_403' title='bbox 1307 2671 1369 2703; x_wconf 89' lang='lat' dir='ltr'><strong>aut</strong></span> <span class='ocrx_word' id='word_1_404' title='bbox 1392 2668 1480 2710; x_wconf 77' lang='lat' dir='ltr'><strong>fehlt</strong></span> <span class='ocrx_word' id='word_1_405' title='bbox 1509 2668 1592 2712; x_wconf 69' lang='lat'><em>01³1»</em></span> <span class='ocrx_word' id='word_1_406' title='bbox 1603 2669 1644 2704; x_wconf 83' lang='lat' dir='ltr'><strong>V.</strong></span> 
     </span>
    </p>
   </div>
  </div>
 </body>
</html>
