<?xml version="1.0" encoding="UTF-8"?>
<!DOCTYPE html PUBLIC "-//W3C//DTD XHTML 1.0 Transitional//EN"
    "http://www.w3.org/TR/xhtml1/DTD/xhtml1-transitional.dtd">
<html xmlns="http://www.w3.org/1999/xhtml" xml:lang="en" lang="en">
 <head>
  <title>
</title>
<meta http-equiv="Content-Type" content="text/html;charset=utf-8" />
  <meta name='ocr-system' content='tesseract 3.04.00' />
  <meta name='ocr-capabilities' content='ocr_page ocr_carea ocr_par ocr_line ocrx_word'/>
</head>
<body>
  <div class='ocr_page' id='page_1' title='image "./historiaseptemsa02hilkuoft_0096.png"; bbox 0 0 1800 2930; ppageno 0'>
   <div class='ocr_carea' id='block_1_1' title="bbox 803 188 1078 226">
    <p class='ocr_par' dir='ltr' id='par_1_1' title="bbox 803 188 1078 226">
     <span class='ocr_line' id='line_1_1' title="bbox 803 188 1078 226; baseline 0 -10"><span class='ocrx_word' id='word_1_1' title='bbox 803 188 1078 226; x_wconf 68' lang='lat'>..78-</span> 
     </span>
    </p>
   </div>
   <div class='ocr_carea' id='block_1_2' title="bbox 149 302 1651 2079">
    <p class='ocr_par' dir='ltr' id='par_1_2' title="bbox 149 302 1651 2079">
     <span class='ocr_line' id='line_1_2' title="bbox 231 302 1650 355; baseline -0.001 -11"><span class='ocrx_word' id='word_1_2' title='bbox 231 303 389 355; x_wconf 89' lang='lat' dir='ltr'>capillos</span> <span class='ocrx_word' id='word_1_3' title='bbox 427 316 544 354; x_wconf 85' lang='lat' dir='ltr'>supra</span> <span class='ocrx_word' id='word_1_4' title='bbox 576 316 715 355; x_wconf 87' lang='lat' dir='ltr'>uepres</span> <span class='ocrx_word' id='word_1_5' title='bbox 757 316 802 343; x_wconf 87' lang='lat' dir='ltr'>ac</span> <span class='ocrx_word' id='word_1_6' title='bbox 830 308 961 343; x_wconf 90' lang='lat' dir='ltr'>cautes</span> <span class='ocrx_word' id='word_1_7' title='bbox 989 303 1038 343; x_wconf 93' lang='lat' dir='ltr'>ad</span> <span class='ocrx_word' id='word_1_8' title='bbox 1067 304 1228 343; x_wconf 91' lang='lat' dir='ltr'>domum</span> <span class='ocrx_word' id='word_1_9' title='bbox 1255 315 1379 353; x_wconf 87' lang='lat' dir='ltr'>usque</span> <span class='ocrx_word' id='word_1_10' title='bbox 1407 302 1650 354; x_wconf 88' lang='lat' dir='ltr'>protrahunt.</span> 
     </span>
     <span class='ocr_line' id='line_1_3' title="bbox 229 360 1651 414; baseline 0 -12"><span class='ocrx_word' id='word_1_11' title='bbox 229 363 388 414; x_wconf 89' lang='lat' dir='ltr'>Iamque</span> <span class='ocrx_word' id='word_1_12' title='bbox 407 362 558 414; x_wconf 85' lang='lat' dir='ltr'><strong>singule</strong></span> <span class='ocrx_word' id='word_1_13' title='bbox 578 375 694 413; x_wconf 90' lang='lat' dir='ltr'>super</span> <span class='ocrx_word' id='word_1_14' title='bbox 713 375 776 402; x_wconf 91' lang='lat' dir='ltr'>me</span> <span class='ocrx_word' id='word_1_15' title='bbox 795 363 930 402; x_wconf 89' lang='lat' dir='ltr'>dentes</span> <span class='ocrx_word' id='word_1_16' title='bbox 958 363 1148 402; x_wconf 85' lang='lat' dir='ltr'>acuebant</span> <span class='ocrx_word' id='word_1_17' title='bbox 1167 362 1322 412; x_wconf 90' lang='lat' dir='ltr'>iamque</span> <span class='ocrx_word' id='word_1_18' title='bbox 1341 360 1455 401; x_wconf 85' lang='lat' dir='ltr'>auida</span> <span class='ocrx_word' id='word_1_19' title='bbox 1474 360 1651 402; x_wconf 81' lang='lat' dir='ltr'>oninium</span> 
     </span>
     <span class='ocr_line' id='line_1_4' title="bbox 230 420 1651 473; baseline -0.001 -11"><span class='ocrx_word' id='word_1_20' title='bbox 230 423 279 462; x_wconf 91' lang='lat' dir='ltr'>ad</span> <span class='ocrx_word' id='word_1_21' title='bbox 306 435 370 461; x_wconf 88' lang='lat' dir='ltr'>me</span> <span class='ocrx_word' id='word_1_22' title='bbox 400 422 667 462; x_wconf 87' lang='lat' dir='ltr'>deuorandum</span> <span class='ocrx_word' id='word_1_23' title='bbox 687 421 860 473; x_wconf 86' lang='lat' dir='ltr'>hyabant</span> <span class='ocrx_word' id='word_1_24' title='bbox 879 435 959 470; x_wconf 82' lang='lat' dir='ltr'>ora,</span> <span class='ocrx_word' id='word_1_25' title='bbox 989 434 1079 461; x_wconf 90' lang='lat' dir='ltr'>cum</span> <span class='ocrx_word' id='word_1_26' title='bbox 1098 434 1186 461; x_wconf 88' lang='lat' dir='ltr'>ecce</span> <span class='ocrx_word' id='word_1_27' title='bbox 1215 420 1345 460; x_wconf 89' lang='lat' dir='ltr'>nescio</span> <span class='ocrx_word' id='word_1_28' title='bbox 1374 420 1483 460; x_wconf 90' lang='lat' dir='ltr'>cuius</span> <span class='ocrx_word' id='word_1_29' title='bbox 1503 421 1651 461; x_wconf 83' lang='lat' dir='ltr'>occulte</span> 
     </span>
     <span class='ocr_line' id='line_1_5' title="bbox 229 480 1648 533; baseline -0.001 -12"><span class='ocrx_word' id='word_1_30' title='bbox 229 481 383 521; x_wconf 89' lang='lat' dir='ltr'>uirtutis</span> <span class='ocrx_word' id='word_1_31' title='bbox 412 481 484 521; x_wconf 89' lang='lat' dir='ltr'>sibi</span> <span class='ocrx_word' id='word_1_32' title='bbox 514 481 706 521; x_wconf 85' lang='lat' dir='ltr'>contrarie</span> <span class='ocrx_word' id='word_1_33' title='bbox 735 481 932 533; x_wconf 87' lang='lat' dir='ltr'>perterrite</span> <span class='ocrx_word' id='word_1_34' title='bbox 959 481 1159 521; x_wconf 89' lang='lat' dir='ltr'>maiestate</span> <span class='ocrx_word' id='word_1_35' title='bbox 1187 493 1276 520; x_wconf 87' lang='lat' dir='ltr'>cum</span> <span class='ocrx_word' id='word_1_36' title='bbox 1305 480 1474 520; x_wconf 87' lang='lat' dir='ltr'>clamore</span> <span class='ocrx_word' id='word_1_37' title='bbox 1506 493 1648 531; x_wconf 86' lang='lat' dir='ltr'>magno</span> 
     </span>
     <span class='ocr_line' id='line_1_6' title="bbox 186 539 1651 592; baseline 0.001 -13"><span class='ocrx_word' id='word_1_38' title='bbox 186 540 210 579; x_wconf 83' lang='lat'>5</span> <span class='ocrx_word' id='word_1_39' title='bbox 229 541 336 582; x_wconf 92' lang='lat' dir='ltr'>uelut</span> <span class='ocrx_word' id='word_1_40' title='bbox 355 543 522 592; x_wconf 88' lang='lat' dir='ltr'>quedam</span> <span class='ocrx_word' id='word_1_41' title='bbox 541 545 751 592; x_wconf 78' lang='lat' dir='ltr'><strong>tempestas</strong></span> <span class='ocrx_word' id='word_1_42' title='bbox 773 554 841 592; x_wconf 86' lang='lat' dir='ltr'>per</span> <span class='ocrx_word' id='word_1_43' title='bbox 861 540 1015 589; x_wconf 88' lang='lat' dir='ltr'>ostium,</span> <span class='ocrx_word' id='word_1_44' title='bbox 1045 554 1113 592; x_wconf 86' lang='lat' dir='ltr'>per</span> <span class='ocrx_word' id='word_1_45' title='bbox 1132 546 1276 580; x_wconf 89' lang='lat' dir='ltr'>tectum</span> <span class='ocrx_word' id='word_1_46' title='bbox 1296 552 1441 591; x_wconf 87' lang='lat' dir='ltr'>perque</span> <span class='ocrx_word' id='word_1_47' title='bbox 1459 539 1651 580; x_wconf 85' lang='lat' dir='ltr'>foramina</span> 
     </span>
     <span class='ocr_line' id='line_1_7' title="bbox 229 599 1649 651; baseline -0.001 -11"><span class='ocrx_word' id='word_1_48' title='bbox 229 601 370 640; x_wconf 90' lang='lat' dir='ltr'>domus</span> <span class='ocrx_word' id='word_1_49' title='bbox 389 600 604 651; x_wconf 85' lang='lat' dir='ltr'>diffugiunt,</span> <span class='ocrx_word' id='word_1_50' title='bbox 635 613 698 639; x_wconf 91' lang='lat' dir='ltr'>me</span> <span class='ocrx_word' id='word_1_51' title='bbox 716 600 860 639; x_wconf 90' lang='lat' dir='ltr'>intacto</span> <span class='ocrx_word' id='word_1_52' title='bbox 889 613 979 640; x_wconf 91' lang='lat' dir='ltr'>cum</span> <span class='ocrx_word' id='word_1_53' title='bbox 997 599 1159 640; x_wconf 89' lang='lat' dir='ltr'>muliere</span> <span class='ocrx_word' id='word_1_54' title='bbox 1178 599 1321 639; x_wconf 89' lang='lat' dir='ltr'>relicto.</span> <span class='ocrx_word' id='word_1_55' title='bbox 1366 599 1504 639; x_wconf 82' lang='lat' dir='ltr'><strong>Statim</strong></span> <span class='ocrx_word' id='word_1_56' title='bbox 1519 605 1649 639; x_wconf 87' lang='lat' dir='ltr'>autem</span> 
     </span>
     <span class='ocr_line' id='line_1_8' title="bbox 228 659 1647 712; baseline -0.001 -12"><span class='ocrx_word' id='word_1_57' title='bbox 228 665 316 712; x_wconf 91' lang='lat' dir='ltr'>post</span> <span class='ocrx_word' id='word_1_58' title='bbox 343 661 509 700; x_wconf 90' lang='lat' dir='ltr'>duarum</span> <span class='ocrx_word' id='word_1_59' title='bbox 537 660 600 699; x_wconf 88' lang='lat' dir='ltr'>uel</span> <span class='ocrx_word' id='word_1_60' title='bbox 628 660 743 702; x_wconf 88' lang='lat' dir='ltr'>trium</span> <span class='ocrx_word' id='word_1_61' title='bbox 772 660 958 699; x_wconf 86' lang='lat' dir='ltr'>horarum</span> <span class='ocrx_word' id='word_1_62' title='bbox 988 659 1155 710; x_wconf 90' lang='lat' dir='ltr'>spatium</span> <span class='ocrx_word' id='word_1_63' title='bbox 1184 659 1370 710; x_wconf 82' lang='lat' dir='ltr'>effugatas</span> <span class='ocrx_word' id='word_1_64' title='bbox 1399 659 1523 698; x_wconf 89' lang='lat' dir='ltr'>noctis</span> <span class='ocrx_word' id='word_1_65' title='bbox 1543 664 1647 698; x_wconf 86' lang='lat' dir='ltr'>tene-</span> 
     </span>
     <span class='ocr_line' id='line_1_9' title="bbox 228 717 1647 770; baseline -0.001 -11"><span class='ocrx_word' id='word_1_66' title='bbox 228 720 319 760; x_wconf 83' lang='lat' dir='ltr'>bras</span> <span class='ocrx_word' id='word_1_67' title='bbox 347 719 623 770; x_wconf 88' lang='lat' dir='ltr'>ministrasque</span> <span class='ocrx_word' id='word_1_68' title='bbox 651 720 900 759; x_wconf 87' lang='lat' dir='ltr'>tenebrarum</span> <span class='ocrx_word' id='word_1_69' title='bbox 928 719 1090 758; x_wconf 83' lang='lat' dir='ltr'>rutilans</span> <span class='ocrx_word' id='word_1_70' title='bbox 1119 717 1193 758; x_wconf 91' lang='lat' dir='ltr'>diei</span> <span class='ocrx_word' id='word_1_71' title='bbox 1220 732 1361 758; x_wconf 88' lang='lat' dir='ltr'>aurora</span> <span class='ocrx_word' id='word_1_72' title='bbox 1388 718 1647 769; x_wconf 84' lang='lat' dir='ltr'>subsequitur.</span> 
     </span>
     <span class='ocr_line' id='line_1_10' title="bbox 226 778 1648 830; baseline -0.001 -12"><span class='ocrx_word' id='word_1_73' title='bbox 226 779 274 818; x_wconf 91' lang='lat' dir='ltr'>Et</span> <span class='ocrx_word' id='word_1_74' title='bbox 302 792 373 830; x_wconf 84' lang='lat' dir='ltr'>ego</span> <span class='ocrx_word' id='word_1_75' title='bbox 400 779 562 819; x_wconf 89' lang='lat' dir='ltr'>muliere</span> <span class='ocrx_word' id='word_1_76' title='bbox 589 784 742 830; x_wconf 84' lang='lat' dir='ltr'>arrepta</span> <span class='ocrx_word' id='word_1_77' title='bbox 770 792 815 819; x_wconf 91' lang='lat' dir='ltr'>ac</span> <span class='ocrx_word' id='word_1_78' title='bbox 842 780 1004 830; x_wconf 90' lang='lat' dir='ltr'>paruulo</span> <span class='ocrx_word' id='word_1_79' title='bbox 1024 778 1272 818; x_wconf 84' lang='lat' dir='ltr'>solitudinem</span> <span class='ocrx_word' id='word_1_80' title='bbox 1300 778 1562 829; x_wconf 81' lang='lat' dir='ltr'>pertransiens</span> <span class='ocrx_word' id='word_1_81' title='bbox 1581 778 1648 817; x_wconf 86' lang='lat' dir='ltr'>uix</span> 
     </span>
     <span class='ocr_line' id='line_1_11' title="bbox 159 837 1648 889; baseline 0.001 -13"><span class='ocrx_word' id='word_1_82' title='bbox 159 837 209 876; x_wconf 93' lang='lat'>10</span> <span class='ocrx_word' id='word_1_83' title='bbox 227 839 386 878; x_wconf 89' lang='lat' dir='ltr'>tandem</span> <span class='ocrx_word' id='word_1_84' title='bbox 426 843 514 889; x_wconf 90' lang='lat' dir='ltr'>post</span> <span class='ocrx_word' id='word_1_85' title='bbox 556 838 810 888; x_wconf 82' lang='lat' dir='ltr'>quadraginta</span> <span class='ocrx_word' id='word_1_86' title='bbox 852 838 946 886; x_wconf 83' lang='lat' dir='ltr'>dies,</span> <span class='ocrx_word' id='word_1_87' title='bbox 988 838 1199 878; x_wconf 86' lang='lat' dir='ltr'>herbarum</span> <span class='ocrx_word' id='word_1_88' title='bbox 1237 837 1430 877; x_wconf 87' lang='lat' dir='ltr'>radicibus</span> <span class='ocrx_word' id='word_1_89' title='bbox 1467 850 1512 877; x_wconf 91' lang='lat' dir='ltr'>ac</span> <span class='ocrx_word' id='word_1_90' title='bbox 1548 837 1648 877; x_wconf 87' lang='lat' dir='ltr'>soliis</span> 
     </span>
     <span class='ocr_line' id='line_1_12' title="bbox 226 897 1647 948; baseline 0 -11"><span class='ocrx_word' id='word_1_91' title='bbox 226 898 411 937; x_wconf 89' lang='lat' dir='ltr'>arborum</span> <span class='ocrx_word' id='word_1_92' title='bbox 439 897 593 937; x_wconf 86' lang='lat' dir='ltr'>interim</span> <span class='ocrx_word' id='word_1_93' title='bbox 629 898 820 947; x_wconf 82' lang='lat' dir='ltr'>uictitans‚</span> <span class='ocrx_word' id='word_1_94' title='bbox 859 899 907 937; x_wconf 92' lang='lat' dir='ltr'>ad</span> <span class='ocrx_word' id='word_1_95' title='bbox 944 898 1125 937; x_wconf 89' lang='lat' dir='ltr'>homines</span> <span class='ocrx_word' id='word_1_96' title='bbox 1162 897 1334 948; x_wconf 91' lang='lat' dir='ltr'>perueni‚</span> <span class='ocrx_word' id='word_1_97' title='bbox 1372 897 1574 936; x_wconf 88' lang='lat' dir='ltr'>mulierem</span> <span class='ocrx_word' id='word_1_98' title='bbox 1609 903 1647 937; x_wconf 90' lang='lat' dir='ltr'>et</span> 
     </span>
     <span class='ocr_line' id='line_1_13' title="bbox 227 956 1646 1009; baseline -0.001 -12"><span class='ocrx_word' id='word_1_99' title='bbox 227 957 431 1009; x_wconf 89' lang='lat' dir='ltr'>paruulum</span> <span class='ocrx_word' id='word_1_100' title='bbox 475 958 555 997; x_wconf 90' lang='lat' dir='ltr'>suis</span> <span class='ocrx_word' id='word_1_101' title='bbox 597 957 756 997; x_wconf 91' lang='lat' dir='ltr'>reddidi.</span> <span class='ocrx_word' id='word_1_102' title='bbox 800 980 847 986; x_wconf 91' lang='lat'>—</span> <span class='ocrx_word' id='word_1_103' title='bbox 891 957 975 997; x_wconf 90' lang='lat' dir='ltr'>Hiis</span> <span class='ocrx_word' id='word_1_104' title='bbox 1018 957 1128 996; x_wconf 89' lang='lat' dir='ltr'>dictis</span> <span class='ocrx_word' id='word_1_105' title='bbox 1169 957 1266 996; x_wconf 89' lang='lat' dir='ltr'>latro</span> <span class='ocrx_word' id='word_1_106' title='bbox 1307 961 1384 996; x_wconf 87' lang='lat' dir='ltr'>tres</span> <span class='ocrx_word' id='word_1_107' title='bbox 1422 956 1519 996; x_wconf 85' lang='lat' dir='ltr'>filios</span> <span class='ocrx_word' id='word_1_108' title='bbox 1557 970 1646 996; x_wconf 89' lang='lat' dir='ltr'>cum</span> 
     </span>
     <span class='ocr_line' id='line_1_14' title="bbox 225 1016 1647 1068; baseline 0 -12"><span class='ocrx_word' id='word_1_109' title='bbox 225 1016 454 1056; x_wconf 89' lang='lat' dir='ltr'>muneribus</span> <span class='ocrx_word' id='word_1_110' title='bbox 473 1031 496 1056; x_wconf 90' lang='lat' dir='ltr'>a</span> <span class='ocrx_word' id='word_1_111' title='bbox 516 1016 649 1068; x_wconf 86' lang='lat' dir='ltr'>regina</span> <span class='ocrx_word' id='word_1_112' title='bbox 665 1017 765 1057; x_wconf 90' lang='lat' dir='ltr'>letus</span> <span class='ocrx_word' id='word_1_113' title='bbox 785 1017 940 1068; x_wconf 90' lang='lat' dir='ltr'>recepit.</span> <span class='ocrx_word' id='word_1_114' title='bbox 972 1038 1018 1044; x_wconf 90' lang='lat'><strong>—</strong></span> <span class='ocrx_word' id='word_1_115' title='bbox 1051 1016 1146 1056; x_wconf 91' lang='lat' dir='ltr'>Vide</span> <span class='ocrx_word' id='word_1_116' title='bbox 1165 1029 1268 1067; x_wconf 85' lang='lat' dir='ltr'>ergo,</span> <span class='ocrx_word' id='word_1_117' title='bbox 1299 1029 1322 1055; x_wconf 94' lang='lat'>0</span> <span class='ocrx_word' id='word_1_118' title='bbox 1341 1029 1422 1063; x_wconf 77' lang='lat' dir='ltr'>rex,</span> <span class='ocrx_word' id='word_1_119' title='bbox 1451 1018 1647 1067; x_wconf 90' lang='lat' dir='ltr'>quomodo</span> 
     </span>
     <span class='ocr_line' id='line_1_15' title="bbox 226 1075 1647 1127; baseline -0.001 -12"><span class='ocrx_word' id='word_1_120' title='bbox 226 1076 266 1115; x_wconf 92' lang='lat' dir='ltr'>in</span> <span class='ocrx_word' id='word_1_121' title='bbox 286 1076 411 1127; x_wconf 89' lang='lat' dir='ltr'>prima</span> <span class='ocrx_word' id='word_1_122' title='bbox 429 1076 555 1116; x_wconf 80' lang='lat' dir='ltr'>fronte</span> <span class='ocrx_word' id='word_1_123' title='bbox 574 1076 724 1116; x_wconf 87' lang='lat' dir='ltr'>malicie</span> <span class='ocrx_word' id='word_1_124' title='bbox 743 1076 795 1115; x_wconf 91' lang='lat' dir='ltr'>illi</span> <span class='ocrx_word' id='word_1_125' title='bbox 814 1081 893 1116; x_wconf 86' lang='lat' dir='ltr'>tres</span> <span class='ocrx_word' id='word_1_126' title='bbox 912 1076 1060 1127; x_wconf 89' lang='lat' dir='ltr'>decepti</span> <span class='ocrx_word' id='word_1_127' title='bbox 1089 1076 1166 1115; x_wconf 89' lang='lat' dir='ltr'>sint</span> <span class='ocrx_word' id='word_1_128' title='bbox 1186 1076 1333 1123; x_wconf 80' lang='lat' dir='ltr'>fratres,</span> <span class='ocrx_word' id='word_1_129' title='bbox 1363 1075 1448 1115; x_wconf 83' lang='lat' dir='ltr'>vide</span> <span class='ocrx_word' id='word_1_130' title='bbox 1468 1081 1647 1126; x_wconf 82' lang='lat' dir='ltr'>quotiens</span> 
     </span>
     <span class='ocr_line' id='line_1_16' title="bbox 158 1134 1645 1187; baseline 0.001 -15"><span class='ocrx_word' id='word_1_131' title='bbox 158 1134 205 1172; x_wconf 88' lang='lat'>15</span> <span class='ocrx_word' id='word_1_132' title='bbox 225 1135 398 1187; x_wconf 91' lang='lat' dir='ltr'>ipsorum</span> <span class='ocrx_word' id='word_1_133' title='bbox 426 1141 534 1187; x_wconf 88' lang='lat' dir='ltr'>pater</span> <span class='ocrx_word' id='word_1_134' title='bbox 561 1136 833 1187; x_wconf 89' lang='lat' dir='ltr'>Poliphemum</span> <span class='ocrx_word' id='word_1_135' title='bbox 870 1136 978 1175; x_wconf 90' lang='lat' dir='ltr'>illum</span> <span class='ocrx_word' id='word_1_136' title='bbox 1007 1135 1200 1186; x_wconf 84' lang='lat' dir='ltr'>gigantem</span> <span class='ocrx_word' id='word_1_137' title='bbox 1230 1135 1411 1182; x_wconf 85' lang='lat' dir='ltr'>fefellerit,</span> <span class='ocrx_word' id='word_1_138' title='bbox 1451 1136 1645 1186; x_wconf 92' lang='lat' dir='ltr'>quomodo</span> 
     </span>
     <span class='ocr_line' id='line_1_17' title="bbox 223 1194 1646 1247; baseline -0.001 -13"><span class='ocrx_word' id='word_1_139' title='bbox 223 1195 307 1246; x_wconf 90' lang='lat' dir='ltr'>ipse</span> <span class='ocrx_word' id='word_1_140' title='bbox 333 1194 436 1235; x_wconf 90' lang='lat' dir='ltr'>idem</span> <span class='ocrx_word' id='word_1_141' title='bbox 464 1208 533 1247; x_wconf 89' lang='lat' dir='ltr'>per</span> <span class='ocrx_word' id='word_1_142' title='bbox 559 1195 722 1235; x_wconf 87' lang='lat' dir='ltr'>anulum</span> <span class='ocrx_word' id='word_1_143' title='bbox 750 1195 799 1235; x_wconf 92' lang='lat' dir='ltr'>sit</span> <span class='ocrx_word' id='word_1_144' title='bbox 827 1196 1021 1246; x_wconf 87' lang='lat' dir='ltr'>deceptus,</span> <span class='ocrx_word' id='word_1_145' title='bbox 1052 1195 1246 1245; x_wconf 90' lang='lat' dir='ltr'>quomodo</span> <span class='ocrx_word' id='word_1_146' title='bbox 1283 1194 1365 1245; x_wconf 90' lang='lat' dir='ltr'>ipse</span> <span class='ocrx_word' id='word_1_147' title='bbox 1393 1198 1431 1233; x_wconf 90' lang='lat' dir='ltr'>et</span> <span class='ocrx_word' id='word_1_148' title='bbox 1468 1195 1646 1245; x_wconf 91' lang='lat' dir='ltr'>quotiens</span> 
     </span>
     <span class='ocr_line' id='line_1_18' title="bbox 225 1253 1644 1306; baseline -0.001 -12"><span class='ocrx_word' id='word_1_149' title='bbox 225 1259 436 1294; x_wconf 89' lang='lat' dir='ltr'>nocturnas</span> <span class='ocrx_word' id='word_1_150' title='bbox 470 1255 651 1294; x_wconf 86' lang='lat' dir='ltr'>deluserit</span> <span class='ocrx_word' id='word_1_151' title='bbox 689 1254 837 1306; x_wconf 85' lang='lat' dir='ltr'>striges.</span> <span class='ocrx_word' id='word_1_152' title='bbox 894 1255 976 1294; x_wconf 91' lang='lat' dir='ltr'>Hec</span> <span class='ocrx_word' id='word_1_153' title='bbox 1003 1254 1146 1293; x_wconf 90' lang='lat' dir='ltr'>idcirco</span> <span class='ocrx_word' id='word_1_154' title='bbox 1174 1253 1315 1305; x_wconf 90' lang='lat' dir='ltr'>replico</span> <span class='ocrx_word' id='word_1_155' title='bbox 1353 1259 1395 1293; x_wconf 91' lang='lat' dir='ltr'>ut</span> <span class='ocrx_word' id='word_1_156' title='bbox 1423 1254 1560 1294; x_wconf 87' lang='lat' dir='ltr'>deinde</span> <span class='ocrx_word' id='word_1_157' title='bbox 1587 1254 1644 1293; x_wconf 92' lang='lat' dir='ltr'>in-</span> 
     </span>
     <span class='ocr_line' id='line_1_19' title="bbox 223 1313 1646 1366; baseline 0.001 -13"><span class='ocrx_word' id='word_1_158' title='bbox 223 1313 371 1366; x_wconf 86' lang='lat' dir='ltr'>telligas</span> <span class='ocrx_word' id='word_1_159' title='bbox 411 1319 448 1354; x_wconf 92' lang='lat' dir='ltr'>te</span> <span class='ocrx_word' id='word_1_160' title='bbox 490 1314 551 1354; x_wconf 91' lang='lat' dir='ltr'>uel</span> <span class='ocrx_word' id='word_1_161' title='bbox 593 1314 784 1365; x_wconf 79' lang='lat' dir='ltr'>principes</span> <span class='ocrx_word' id='word_1_162' title='bbox 826 1319 926 1362; x_wconf 88' lang='lat' dir='ltr'>tuos,</span> <span class='ocrx_word' id='word_1_163' title='bbox 974 1327 1063 1354; x_wconf 91' lang='lat' dir='ltr'>cum</span> <span class='ocrx_word' id='word_1_164' title='bbox 1105 1313 1187 1353; x_wconf 91' lang='lat' dir='ltr'>sitis</span> <span class='ocrx_word' id='word_1_165' title='bbox 1231 1313 1335 1361; x_wconf 90' lang='lat' dir='ltr'>boni,</span> <span class='ocrx_word' id='word_1_166' title='bbox 1396 1313 1646 1354; x_wconf 89' lang='lat' dir='ltr'>similitudine</span> 
     </span>
     <span class='ocr_line' id='line_1_20' title="bbox 223 1372 1645 1425; baseline 0 -12"><span class='ocrx_word' id='word_1_167' title='bbox 223 1373 396 1413; x_wconf 87' lang='lat' dir='ltr'>ueritatis</span> <span class='ocrx_word' id='word_1_168' title='bbox 424 1373 532 1413; x_wconf 83' lang='lat' dir='ltr'>facile</span> <span class='ocrx_word' id='word_1_169' title='bbox 552 1374 723 1425; x_wconf 89' lang='lat' dir='ltr'>potuisse</span> <span class='ocrx_word' id='word_1_170' title='bbox 752 1373 892 1422; x_wconf 83' lang='lat' dir='ltr'>deludi,</span> <span class='ocrx_word' id='word_1_171' title='bbox 922 1387 1011 1413; x_wconf 89' lang='lat' dir='ltr'>cum</span> <span class='ocrx_word' id='word_1_172' title='bbox 1031 1373 1147 1412; x_wconf 90' lang='lat' dir='ltr'>etiam</span> <span class='ocrx_word' id='word_1_173' title='bbox 1167 1372 1296 1424; x_wconf 90' lang='lat' dir='ltr'>sepius</span> <span class='ocrx_word' id='word_1_174' title='bbox 1325 1373 1506 1412; x_wconf 85' lang='lat' dir='ltr'>fallantur</span> <span class='ocrx_word' id='word_1_175' title='bbox 1524 1372 1645 1424; x_wconf 90' lang='lat' dir='ltr'>ipsius</span> 
     </span>
     <span class='ocr_line' id='line_1_21' title="bbox 152 1430 1645 1484; baseline 0.001 -13"><span class='ocrx_word' id='word_1_176' title='bbox 152 1430 206 1471; x_wconf 74' lang='lat'>20</span> <span class='ocrx_word' id='word_1_177' title='bbox 223 1432 373 1472; x_wconf 88' lang='lat' dir='ltr'>malicie</span> <span class='ocrx_word' id='word_1_178' title='bbox 386 1438 614 1483; x_wconf 85' lang='lat' dir='ltr'>repertores.</span> <span class='ocrx_word' id='word_1_179' title='bbox 655 1433 714 1472; x_wconf 90' lang='lat' dir='ltr'>Ne</span> <span class='ocrx_word' id='word_1_180' title='bbox 733 1446 823 1484; x_wconf 83' lang='lat' dir='ltr'>ergo</span> <span class='ocrx_word' id='word_1_181' title='bbox 842 1433 882 1472; x_wconf 94' lang='lat' dir='ltr'>in</span> <span class='ocrx_word' id='word_1_182' title='bbox 902 1433 1075 1472; x_wconf 85' lang='lat' dir='ltr'>futurum</span> <span class='ocrx_word' id='word_1_183' title='bbox 1095 1432 1307 1472; x_wconf 89' lang='lat' dir='ltr'>bonitatem</span> <span class='ocrx_word' id='word_1_184' title='bbox 1322 1437 1428 1472; x_wconf 89' lang='lat' dir='ltr'>tuam</span> <span class='ocrx_word' id='word_1_185' title='bbox 1444 1433 1645 1484; x_wconf 82' lang='lat' dir='ltr'>deceptam</span> 
     </span>
     <span class='ocr_line' id='line_1_22' title="bbox 223 1491 1646 1543; baseline 0.001 -12"><span class='ocrx_word' id='word_1_186' title='bbox 223 1491 342 1532; x_wconf 86' lang='lat' dir='ltr'>fuisse</span> <span class='ocrx_word' id='word_1_187' title='bbox 369 1492 511 1541; x_wconf 84' lang='lat' dir='ltr'>doleas,</span> <span class='ocrx_word' id='word_1_188' title='bbox 541 1493 638 1532; x_wconf 90' lang='lat' dir='ltr'>meis</span> <span class='ocrx_word' id='word_1_189' title='bbox 667 1506 788 1543; x_wconf 90' lang='lat' dir='ltr'>queso</span> <span class='ocrx_word' id='word_1_190' title='bbox 816 1492 1015 1543; x_wconf 80' lang='lat' dir='ltr'>acquiesce</span> <span class='ocrx_word' id='word_1_191' title='bbox 1035 1491 1217 1539; x_wconf 86' lang='lat' dir='ltr'>consiliis,</span> <span class='ocrx_word' id='word_1_192' title='bbox 1247 1492 1367 1531; x_wconf 90' lang='lat' dir='ltr'>immo</span> <span class='ocrx_word' id='word_1_193' title='bbox 1397 1492 1646 1543; x_wconf 86' lang='lat' dir='ltr'>petitionibus</span> 
     </span>
     <span class='ocr_line' id='line_1_23' title="bbox 223 1550 1644 1603; baseline 0 -13"><span class='ocrx_word' id='word_1_194' title='bbox 223 1550 375 1602; x_wconf 89' lang='lat' dir='ltr'>filioque</span> <span class='ocrx_word' id='word_1_195' title='bbox 403 1556 469 1591; x_wconf 91' lang='lat' dir='ltr'>tuo</span> <span class='ocrx_word' id='word_1_196' title='bbox 498 1551 618 1591; x_wconf 89' lang='lat' dir='ltr'>uitam</span> <span class='ocrx_word' id='word_1_197' title='bbox 647 1553 780 1592; x_wconf 88' lang='lat' dir='ltr'>dones.</span> <span class='ocrx_word' id='word_1_198' title='bbox 836 1553 897 1592; x_wconf 91' lang='lat' dir='ltr'>Ad</span> <span class='ocrx_word' id='word_1_199' title='bbox 926 1552 999 1591; x_wconf 89' lang='lat' dir='ltr'>hec</span> <span class='ocrx_word' id='word_1_200' title='bbox 1018 1565 1086 1591; x_wconf 85' lang='lat' dir='ltr'>rex</span> <span class='ocrx_word' id='word_1_201' title='bbox 1115 1551 1280 1603; x_wconf 85' lang='lat' dir='ltr'>sapienti</span> <span class='ocrx_word' id='word_1_202' title='bbox 1298 1551 1515 1603; x_wconf 89' lang='lat' dir='ltr'>respondit:</span> <span class='ocrx_word' id='word_1_203' title='bbox 1545 1550 1644 1591; x_wconf 90' lang='lat' dir='ltr'>Boni</span> 
     </span>
     <span class='ocr_line' id='line_1_24' title="bbox 224 1609 1644 1661; baseline 0 -11"><span class='ocrx_word' id='word_1_204' title='bbox 224 1609 392 1661; x_wconf 82' lang='lat' dir='ltr'>quidem,</span> <span class='ocrx_word' id='word_1_205' title='bbox 421 1610 485 1659; x_wconf 85' lang='lat' dir='ltr'>ait,</span> <span class='ocrx_word' id='word_1_206' title='bbox 524 1616 562 1651; x_wconf 88' lang='lat' dir='ltr'>et</span> <span class='ocrx_word' id='word_1_207' title='bbox 591 1611 811 1651; x_wconf 89' lang='lat' dir='ltr'>miserantis</span> <span class='ocrx_word' id='word_1_208' title='bbox 840 1610 913 1650; x_wconf 90' lang='lat' dir='ltr'>uiri</span> <span class='ocrx_word' id='word_1_209' title='bbox 941 1616 1052 1650; x_wconf 89' lang='lat' dir='ltr'>tuum</span> <span class='ocrx_word' id='word_1_210' title='bbox 1080 1616 1151 1661; x_wconf 89' lang='lat' dir='ltr'>est,</span> <span class='ocrx_word' id='word_1_211' title='bbox 1180 1624 1203 1650; x_wconf 95' lang='lat'>0</span> <span class='ocrx_word' id='word_1_212' title='bbox 1232 1610 1399 1661; x_wconf 89' lang='lat' dir='ltr'>sapiens,</span> <span class='ocrx_word' id='word_1_213' title='bbox 1437 1610 1644 1650; x_wconf 89' lang='lat' dir='ltr'>consilium</span> 
     </span>
     <span class='ocr_line' id='line_1_25' title="bbox 223 1670 1645 1722; baseline 0.001 -13"><span class='ocrx_word' id='word_1_214' title='bbox 223 1674 366 1720; x_wconf 88' lang='lat' dir='ltr'>tuaque</span> <span class='ocrx_word' id='word_1_215' title='bbox 385 1670 533 1721; x_wconf 79' lang='lat' dir='ltr'>peticio,</span> <span class='ocrx_word' id='word_1_216' title='bbox 564 1672 630 1710; x_wconf 88' lang='lat' dir='ltr'>sed</span> <span class='ocrx_word' id='word_1_217' title='bbox 649 1671 723 1710; x_wconf 86' lang='lat' dir='ltr'>hiis</span> <span class='ocrx_word' id='word_1_218' title='bbox 743 1671 986 1722; x_wconf 86' lang='lat' dir='ltr'>acquiescere</span> <span class='ocrx_word' id='word_1_219' title='bbox 1005 1670 1167 1710; x_wconf 89' lang='lat' dir='ltr'>omnino</span> <span class='ocrx_word' id='word_1_220' title='bbox 1186 1684 1266 1709; x_wconf 91' lang='lat' dir='ltr'>non</span> <span class='ocrx_word' id='word_1_221' title='bbox 1287 1671 1422 1718; x_wconf 89' lang='lat' dir='ltr'>audeo,</span> <span class='ocrx_word' id='word_1_222' title='bbox 1444 1683 1493 1710; x_wconf 88' lang='lat' dir='ltr'>ne</span> <span class='ocrx_word' id='word_1_223' title='bbox 1513 1670 1645 1710; x_wconf 89' lang='lat' dir='ltr'>uidear</span> 
     </span>
     <span class='ocr_line' id='line_1_26' title="bbox 151 1729 1644 1781; baseline 0.001 -12"><span class='ocrx_word' id='word_1_224' title='bbox 151 1729 203 1769; x_wconf 73' lang='lat'>25</span> <span class='ocrx_word' id='word_1_225' title='bbox 222 1741 358 1781; x_wconf 82' lang='lat' dir='ltr'>regum</span> <span class='ocrx_word' id='word_1_226' title='bbox 386 1734 424 1769; x_wconf 89' lang='lat' dir='ltr'>et</span> <span class='ocrx_word' id='word_1_227' title='bbox 451 1729 671 1781; x_wconf 90' lang='lat' dir='ltr'>principum</span> <span class='ocrx_word' id='word_1_228' title='bbox 699 1730 891 1770; x_wconf 89' lang='lat' dir='ltr'>sententie</span> <span class='ocrx_word' id='word_1_229' title='bbox 918 1735 1107 1780; x_wconf 90' lang='lat' dir='ltr'>tanquam</span> <span class='ocrx_word' id='word_1_230' title='bbox 1134 1729 1276 1769; x_wconf 90' lang='lat' dir='ltr'>iniuste</span> <span class='ocrx_word' id='word_1_231' title='bbox 1313 1729 1514 1780; x_wconf 85' lang='lat' dir='ltr'>refragrari</span> <span class='ocrx_word' id='word_1_232' title='bbox 1543 1743 1644 1770; x_wconf 90' lang='lat' dir='ltr'>neue</span> 
     </span>
     <span class='ocr_line' id='line_1_27' title="bbox 222 1789 1644 1841; baseline 0.001 -13"><span class='ocrx_word' id='word_1_233' title='bbox 222 1793 334 1839; x_wconf 90' lang='lat' dir='ltr'>puter</span> <span class='ocrx_word' id='word_1_234' title='bbox 374 1789 550 1840; x_wconf 86' lang='lat' dir='ltr'>reginam</span> <span class='ocrx_word' id='word_1_235' title='bbox 587 1803 634 1829; x_wconf 84' lang='lat' dir='ltr'>ex</span> <span class='ocrx_word' id='word_1_236' title='bbox 671 1789 890 1841; x_wconf 89' lang='lat' dir='ltr'>suspicione</span> <span class='ocrx_word' id='word_1_237' title='bbox 926 1789 1047 1840; x_wconf 83' lang='lat' dir='ltr'>magis</span> <span class='ocrx_word' id='word_1_238' title='bbox 1086 1802 1202 1840; x_wconf 90' lang='lat' dir='ltr'>quam</span> <span class='ocrx_word' id='word_1_239' title='bbox 1241 1803 1288 1829; x_wconf 86' lang='lat' dir='ltr'>ex</span> <span class='ocrx_word' id='word_1_240' title='bbox 1324 1789 1486 1829; x_wconf 89' lang='lat' dir='ltr'>ueritate</span> <span class='ocrx_word' id='word_1_241' title='bbox 1527 1802 1644 1841; x_wconf 89' lang='lat' dir='ltr'>super</span> 
     </span>
     <span class='ocr_line' id='line_1_28' title="bbox 222 1847 1644 1889; baseline 0.001 -2"><span class='ocrx_word' id='word_1_242' title='bbox 222 1847 319 1887; x_wconf 86' lang='lat' dir='ltr'>fictis</span> <span class='ocrx_word' id='word_1_243' title='bbox 347 1847 680 1888; x_wconf 85' lang='lat' dir='ltr'>criminationibus</span> <span class='ocrx_word' id='word_1_244' title='bbox 718 1861 933 1889; x_wconf 85' lang='lat' dir='ltr'>accusasse.</span> <span class='ocrx_word' id='word_1_245' title='bbox 989 1848 1086 1888; x_wconf 87' lang='lat' dir='ltr'>Ecce</span> <span class='ocrx_word' id='word_1_246' title='bbox 1123 1849 1229 1888; x_wconf 89' lang='lat' dir='ltr'>enim</span> <span class='ocrx_word' id='word_1_247' title='bbox 1264 1848 1380 1888; x_wconf 89' lang='lat' dir='ltr'>hodie</span> <span class='ocrx_word' id='word_1_248' title='bbox 1417 1854 1525 1888; x_wconf 86' lang='lat' dir='ltr'>sexta</span> <span class='ocrx_word' id='word_1_249' title='bbox 1561 1849 1644 1888; x_wconf 89' lang='lat' dir='ltr'>dies</span> 
     </span>
     <span class='ocr_line' id='line_1_29' title="bbox 222 1907 1643 1959; baseline 0 -13"><span class='ocrx_word' id='word_1_250' title='bbox 222 1911 280 1947; x_wconf 92' lang='lat' dir='ltr'>est</span> <span class='ocrx_word' id='word_1_251' title='bbox 309 1920 384 1958; x_wconf 88' lang='lat' dir='ltr'>qua</span> <span class='ocrx_word' id='word_1_252' title='bbox 416 1907 481 1946; x_wconf 91' lang='lat' dir='ltr'>hic</span> <span class='ocrx_word' id='word_1_253' title='bbox 515 1908 667 1948; x_wconf 85' lang='lat' dir='ltr'>cottidie</span> <span class='ocrx_word' id='word_1_254' title='bbox 704 1908 832 1956; x_wconf 90' lang='lat' dir='ltr'>uenio,</span> <span class='ocrx_word' id='word_1_255' title='bbox 862 1907 1055 1959; x_wconf 91' lang='lat' dir='ltr'>michique</span> <span class='ocrx_word' id='word_1_256' title='bbox 1092 1907 1247 1948; x_wconf 92' lang='lat' dir='ltr'>cottidie</span> <span class='ocrx_word' id='word_1_257' title='bbox 1283 1908 1448 1948; x_wconf 87' lang='lat' dir='ltr'>multum</span> <span class='ocrx_word' id='word_1_258' title='bbox 1487 1907 1643 1947; x_wconf 89' lang='lat' dir='ltr'>miranti</span> 
     </span>
     <span class='ocr_line' id='line_1_30' title="bbox 220 1966 1642 2019; baseline 0.001 -14"><span class='ocrx_word' id='word_1_259' title='bbox 220 1979 324 2006; x_wconf 90' lang='lat' dir='ltr'>unus</span> <span class='ocrx_word' id='word_1_260' title='bbox 352 1972 505 2018; x_wconf 87' lang='lat' dir='ltr'>septum</span> <span class='ocrx_word' id='word_1_261' title='bbox 534 1966 754 2018; x_wconf 83' lang='lat' dir='ltr'>sapientum</span> <span class='ocrx_word' id='word_1_262' title='bbox 783 1967 914 2008; x_wconf 92' lang='lat' dir='ltr'>nescio</span> <span class='ocrx_word' id='word_1_263' title='bbox 944 1981 1020 2019; x_wconf 90' lang='lat' dir='ltr'>quo</span> <span class='ocrx_word' id='word_1_264' title='bbox 1051 1967 1129 2007; x_wconf 83' lang='lat' dir='ltr'>fato</span> <span class='ocrx_word' id='word_1_265' title='bbox 1158 1968 1336 2015; x_wconf 88' lang='lat' dir='ltr'>occurrit,</span> <span class='ocrx_word' id='word_1_266' title='bbox 1365 1973 1496 2008; x_wconf 87' lang='lat' dir='ltr'>narrat</span> <span class='ocrx_word' id='word_1_267' title='bbox 1515 1981 1642 2007; x_wconf 84' lang='lat' dir='ltr'>exem·</span> 
     </span>
     <span class='ocr_line' id='line_1_31' title="bbox 149 2026 1642 2079; baseline 0.001 -13"><span class='ocrx_word' id='word_1_268' title='bbox 149 2028 203 2066; x_wconf 88' lang='lat'>30</span> <span class='ocrx_word' id='word_1_269' title='bbox 221 2026 341 2077; x_wconf 88' lang='lat' dir='ltr'>plum,</span> <span class='ocrx_word' id='word_1_270' title='bbox 370 2026 551 2078; x_wconf 88' lang='lat' dir='ltr'>impetrat</span> <span class='ocrx_word' id='word_1_271' title='bbox 579 2027 656 2067; x_wconf 86' lang='lat' dir='ltr'>filio</span> <span class='ocrx_word' id='word_1_272' title='bbox 684 2027 804 2067; x_wconf 90' lang='lat' dir='ltr'>uitam</span> <span class='ocrx_word' id='word_1_273' title='bbox 833 2040 974 2079; x_wconf 89' lang='lat' dir='ltr'>meque</span> <span class='ocrx_word' id='word_1_274' title='bbox 1003 2028 1051 2067; x_wconf 91' lang='lat' dir='ltr'>ad</span> <span class='ocrx_word' id='word_1_275' title='bbox 1084 2027 1188 2079; x_wconf 84' lang='lat' dir='ltr'>leges</span> <span class='ocrx_word' id='word_1_276' title='bbox 1216 2027 1376 2067; x_wconf 89' lang='lat' dir='ltr'>remittit</span> <span class='ocrx_word' id='word_1_277' title='bbox 1411 2041 1642 2067; x_wconf 89' lang='lat' dir='ltr'>asseuerans</span> 
     </span>
    </p>
   </div>
   <div class='ocr_carea' id='block_1_3' title="bbox 219 2109 503 2118">
    <p class='ocr_par' dir='ltr' id='par_1_3' title="bbox 219 2109 503 2118">
     <span class='ocr_line' id='line_1_32' title="bbox 219 2109 503 2118; baseline 0 0"><span class='ocrx_word' id='word_1_278' title='bbox 219 2109 503 2118; x_wconf 95' lang='lat' dir='ltr'> </span> 
     </span>
    </p>
   </div>
   <div class='ocr_carea' id='block_1_4' title="bbox 218 2157 1642 2365">
    <p class='ocr_par' dir='ltr' id='par_1_4' title="bbox 218 2157 1642 2365">
     <span class='ocr_line' id='line_1_33' title="bbox 341 2157 1642 2204; baseline 0.003 -12"><span class='ocrx_word' id='word_1_279' title='bbox 341 2157 356 2192; x_wconf 93' lang='lat'><strong>1</strong></span> <span class='ocrx_word' id='word_1_280' title='bbox 387 2168 463 2202; x_wconf 83' lang='lat' dir='ltr'>cap.</span> <span class='ocrx_word' id='word_1_281' title='bbox 490 2168 599 2203; x_wconf 87' lang='lat' dir='ltr'>supra</span> <span class='ocrx_word' id='word_1_282' title='bbox 633 2158 723 2201; x_wconf 79' lang='lat' dir='ltr'>fehlt</span> <span class='ocrx_word' id='word_1_283' title='bbox 748 2159 781 2193; x_wconf 91' lang='lat' dir='ltr'><em>L</em></span> <span class='ocrx_word' id='word_1_284' title='bbox 807 2178 851 2184; x_wconf 86' lang='lat'>-·</span> <span class='ocrx_word' id='word_1_285' title='bbox 878 2160 999 2194; x_wconf 84' lang='lat' dir='ltr'>cautes</span> <span class='ocrx_word' id='word_1_286' title='bbox 1023 2157 1209 2193; x_wconf 87' lang='lat' dir='ltr'>trahentes</span> <span class='ocrx_word' id='word_1_287' title='bbox 1234 2159 1288 2204; x_wconf 98' lang='lat' dir='ltr'>Pp</span> <span class='ocrx_word' id='word_1_288' title='bbox 1297 2159 1336 2201; x_wconf 83' lang='lat' dir='ltr'>V,</span> <span class='ocrx_word' id='word_1_289' title='bbox 1363 2159 1584 2195; x_wconf 57' lang='lat' dir='ltr'>attrahentes</span> <span class='ocrx_word' id='word_1_290' title='bbox 1612 2161 1642 2196; x_wconf 90' lang='grc' dir='ltr'><em>Ο</em></span> 
     </span>
     <span class='ocr_line' id='line_1_34' title="bbox 221 2211 1640 2257; baseline 0.001 -11"><span class='ocrx_word' id='word_1_291' title='bbox 221 2229 261 2236; x_wconf 90' lang='lat'><em>-</em></span> <span class='ocrx_word' id='word_1_292' title='bbox 284 2211 498 2257; x_wconf 86' lang='lat' dir='ltr'>pertrahunt</span> <span class='ocrx_word' id='word_1_293' title='bbox 526 2212 658 2256; x_wconf 84' lang='lat' dir='ltr'>OPpV.</span> <span class='ocrx_word' id='word_1_294' title='bbox 685 2233 730 2237; x_wconf 97' lang='lat'><strong>—</strong></span> <span class='ocrx_word' id='word_1_295' title='bbox 757 2212 779 2246; x_wconf 71' lang='lat'><strong>2</strong></span> <span class='ocrx_word' id='word_1_296' title='bbox 804 2215 976 2247; x_wconf 86' lang='lat' dir='ltr'>acuerant</span> <span class='ocrx_word' id='word_1_297' title='bbox 1007 2213 1041 2246; x_wconf 89' lang='lat' dir='ltr'><em>V</em></span> <span class='ocrx_word' id='word_1_298' title='bbox 1062 2233 1108 2238; x_wconf 96' lang='lat'><strong>—</strong></span> <span class='ocrx_word' id='word_1_299' title='bbox 1133 2211 1240 2247; x_wconf 86' lang='lat' dir='ltr'>auide</span> <span class='ocrx_word' id='word_1_300' title='bbox 1265 2213 1330 2257; x_wconf 88' lang='lat' dir='ltr'>Pp.</span> <span class='ocrx_word' id='word_1_301' title='bbox 1359 2233 1404 2238; x_wconf 82' lang='lat'>—-</span> <span class='ocrx_word' id='word_1_302' title='bbox 1435 2213 1455 2247; x_wconf 95' lang='lat'><strong>7</strong></span> <span class='ocrx_word' id='word_1_303' title='bbox 1487 2213 1640 2248; x_wconf 86' lang='lat' dir='ltr'>duarum</span> 
     </span>
     <span class='ocr_line' id='line_1_35' title="bbox 218 2264 1638 2311; baseline 0.002 -12"><span class='ocrx_word' id='word_1_304' title='bbox 218 2264 279 2299; x_wconf 91' lang='lat' dir='ltr'>uel</span> <span class='ocrx_word' id='word_1_305' title='bbox 302 2265 394 2309; x_wconf 76' lang='lat' dir='ltr'>fehlt</span> <span class='ocrx_word' id='word_1_306' title='bbox 420 2265 553 2309; x_wconf 87' lang='lat' dir='ltr'>OPpV.</span> <span class='ocrx_word' id='word_1_307' title='bbox 574 2286 619 2291; x_wconf 97' lang='lat'><strong>—</strong></span> <span class='ocrx_word' id='word_1_308' title='bbox 644 2266 702 2308; x_wconf 82' lang='lat' dir='ltr'>7s8</span> <span class='ocrx_word' id='word_1_309' title='bbox 726 2265 892 2309; x_wconf 82' lang='lat' dir='ltr'>effugatis</span> <span class='ocrx_word' id='word_1_310' title='bbox 917 2276 952 2300; x_wconf 89' lang='lat' dir='ltr'>n.</span> <span class='ocrx_word' id='word_1_311' title='bbox 967 2265 1126 2301; x_wconf 86' lang='lat' dir='ltr'>tenebris</span> <span class='ocrx_word' id='word_1_312' title='bbox 1144 2265 1318 2301; x_wconf 89' lang='lat' dir='ltr'>ministris</span> <span class='ocrx_word' id='word_1_313' title='bbox 1341 2269 1413 2301; x_wconf 87' lang='lat' dir='ltr'>ten.</span> <span class='ocrx_word' id='word_1_314' title='bbox 1436 2266 1520 2311; x_wconf 87' lang='lat' dir='ltr'>OPp</span> <span class='ocrx_word' id='word_1_315' title='bbox 1532 2267 1573 2303; x_wconf 88' lang='lat' dir='ltr'>V.</span> <span class='ocrx_word' id='word_1_316' title='bbox 1593 2287 1638 2293; x_wconf 92' lang='lat'>—</span> 
     </span>
     <span class='ocr_line' id='line_1_36' title="bbox 219 2317 1640 2365; baseline 0.001 -12"><span class='ocrx_word' id='word_1_317' title='bbox 219 2318 242 2354; x_wconf 89' lang='lat'>8</span> <span class='ocrx_word' id='word_1_318' title='bbox 266 2317 336 2354; x_wconf 87' lang='lat' dir='ltr'>diei</span> <span class='ocrx_word' id='word_1_319' title='bbox 361 2318 452 2353; x_wconf 83' lang='lat' dir='ltr'>hora</span> <span class='ocrx_word' id='word_1_320' title='bbox 480 2319 575 2363; x_wconf 86' lang='lat' dir='ltr'>OPp.</span> <span class='ocrx_word' id='word_1_321' title='bbox 614 2339 656 2344; x_wconf 89' lang='lat'><strong>—</strong></span> <span class='ocrx_word' id='word_1_322' title='bbox 695 2320 716 2354; x_wconf 84' lang='lat'>9</span> <span class='ocrx_word' id='word_1_323' title='bbox 748 2322 892 2364; x_wconf 82' lang='lat' dir='ltr'>arrepta</span> <span class='ocrx_word' id='word_1_324' title='bbox 921 2321 1019 2355; x_wconf 72' lang='lat' dir='ltr'>coni.</span> <span class='ocrx_word' id='word_1_325' title='bbox 1045 2320 1124 2362; x_wconf 74' lang='lat' dir='ltr'>Eb„</span> <span class='ocrx_word' id='word_1_326' title='bbox 1160 2323 1305 2364; x_wconf 84' lang='lat' dir='ltr'>accepta</span> <span class='ocrx_word' id='word_1_327' title='bbox 1330 2320 1461 2364; x_wconf 81' lang='lat' dir='ltr'>LOPp,</span> <span class='ocrx_word' id='word_1_328' title='bbox 1495 2324 1640 2365; x_wconf 85' lang='lat' dir='ltr'>recepta</span> 
     </span>
    </p>
   </div>
   <div class='ocr_carea' id='block_1_5' title="bbox 217 2372 1639 2525">
    <p class='ocr_par' dir='ltr' id='par_1_5' title="bbox 217 2372 1639 2525">
     <span class='ocr_line' id='line_1_37' title="bbox 225 2372 1639 2418; baseline 0.002 -12"><span class='ocrx_word' id='word_1_329' title='bbox 225 2372 266 2407; x_wconf 88' lang='lat' dir='ltr'>V.</span> <span class='ocrx_word' id='word_1_330' title='bbox 305 2392 349 2398; x_wconf 94' lang='lat'><strong>—</strong></span> <span class='ocrx_word' id='word_1_331' title='bbox 392 2372 436 2407; x_wconf 93' lang='lat'>10</span> <span class='ocrx_word' id='word_1_332' title='bbox 460 2374 542 2417; x_wconf 85' lang='lat' dir='ltr'>post</span> <span class='ocrx_word' id='word_1_333' title='bbox 567 2372 686 2408; x_wconf 89' lang='lat' dir='ltr'>.XXX.</span> <span class='ocrx_word' id='word_1_334' title='bbox 712 2373 789 2408; x_wconf 89' lang='lat' dir='ltr'>dies</span> <span class='ocrx_word' id='word_1_335' title='bbox 816 2375 881 2418; x_wconf 86' lang='lat' dir='ltr'>Pp.</span> <span class='ocrx_word' id='word_1_336' title='bbox 907 2394 951 2399; x_wconf 91' lang='lat'>—</span> <span class='ocrx_word' id='word_1_337' title='bbox 995 2373 1033 2408; x_wconf 93' lang='lat'>11</span> <span class='ocrx_word' id='word_1_338' title='bbox 1062 2373 1128 2408; x_wconf 91' lang='lat' dir='ltr'>int.</span> <span class='ocrx_word' id='word_1_339' title='bbox 1153 2372 1281 2408; x_wconf 82' lang='lat' dir='ltr'>viuens</span> <span class='ocrx_word' id='word_1_340' title='bbox 1311 2374 1348 2416; x_wconf 85' lang='grc' dir='ltr'>Ο,</span> <span class='ocrx_word' id='word_1_341' title='bbox 1374 2373 1438 2408; x_wconf 91' lang='lat' dir='ltr'>int.</span> <span class='ocrx_word' id='word_1_342' title='bbox 1458 2377 1639 2409; x_wconf 83' lang='lat' dir='ltr'>recreatus</span> 
     </span>
     <span class='ocr_line' id='line_1_38' title="bbox 217 2425 1637 2472; baseline 0.001 -12"><span class='ocrx_word' id='word_1_343' title='bbox 217 2425 284 2470; x_wconf 83' lang='lat' dir='ltr'>Pp,</span> <span class='ocrx_word' id='word_1_344' title='bbox 309 2425 372 2461; x_wconf 90' lang='lat' dir='ltr'>int.</span> <span class='ocrx_word' id='word_1_345' title='bbox 387 2425 544 2461; x_wconf 87' lang='lat' dir='ltr'>nutritus</span> <span class='ocrx_word' id='word_1_346' title='bbox 565 2427 712 2461; x_wconf 85' lang='lat' dir='ltr'>V—ad</span> <span class='ocrx_word' id='word_1_347' title='bbox 737 2427 772 2462; x_wconf 93' lang='lat' dir='ltr'>h.</span> <span class='ocrx_word' id='word_1_348' title='bbox 799 2426 954 2462; x_wconf 89' lang='lat' dir='ltr'>ciuitatis</span> <span class='ocrx_word' id='word_1_349' title='bbox 975 2428 1010 2462; x_wconf 90' lang='lat' dir='ltr'>P.</span> <span class='ocrx_word' id='word_1_350' title='bbox 1037 2447 1082 2453; x_wconf 92' lang='lat'>—</span> <span class='ocrx_word' id='word_1_351' title='bbox 1111 2427 1154 2462; x_wconf 87' lang='lat'>15</span> <span class='ocrx_word' id='word_1_352' title='bbox 1178 2426 1429 2472; x_wconf 87' lang='lat' dir='ltr'>philomenum</span> <span class='ocrx_word' id='word_1_353' title='bbox 1447 2428 1523 2469; x_wconf 86' lang='lat' dir='ltr'>OV,</span> <span class='ocrx_word' id='word_1_354' title='bbox 1549 2427 1637 2462; x_wconf 85' lang='lat' dir='ltr'>filio-</span> 
     </span>
     <span class='ocr_line' id='line_1_39' title="bbox 218 2480 1635 2525; baseline 0.001 -11"><span class='ocrx_word' id='word_1_355' title='bbox 218 2489 369 2514; x_wconf 88' lang='lat' dir='ltr'>menum</span> <span class='ocrx_word' id='word_1_356' title='bbox 393 2480 460 2524; x_wconf 89' lang='lat' dir='ltr'>Pp.</span> <span class='ocrx_word' id='word_1_357' title='bbox 501 2498 545 2504; x_wconf 93' lang='lat'>—</span> <span class='ocrx_word' id='word_1_358' title='bbox 595 2480 636 2514; x_wconf 89' lang='grc'>17</span> <span class='ocrx_word' id='word_1_359' title='bbox 676 2483 716 2515; x_wconf 91' lang='lat' dir='ltr'>ut</span> <span class='ocrx_word' id='word_1_360' title='bbox 741 2480 823 2515; x_wconf 86' lang='lat' dir='ltr'>dein</span> <span class='ocrx_word' id='word_1_361' title='bbox 850 2480 999 2525; x_wconf 77' lang='lat' dir='ltr'>intelligi</span> <span class='ocrx_word' id='word_1_362' title='bbox 1026 2481 1081 2523; x_wconf 69' lang='lat' dir='ltr'>L„</span> <span class='ocrx_word' id='word_1_363' title='bbox 1120 2481 1202 2516; x_wconf 73' lang='lat' dir='ltr'>lies:</span> <span class='ocrx_word' id='word_1_364' title='bbox 1238 2483 1279 2515; x_wconf 94' lang='lat' dir='ltr'>ut</span> <span class='ocrx_word' id='word_1_365' title='bbox 1311 2480 1460 2516; x_wconf 88' lang='lat' dir='ltr'>demum</span> <span class='ocrx_word' id='word_1_366' title='bbox 1485 2480 1539 2516; x_wconf 75' lang='lat' dir='ltr'>i.‘?</span> <span class='ocrx_word' id='word_1_367' title='bbox 1586 2482 1635 2515; x_wconf 78' lang='lat' dir='ltr'>St.</span> 
     </span>
    </p>
   </div>
   <div class='ocr_carea' id='block_1_6' title="bbox 215 2532 1640 2741">
    <p class='ocr_par' dir='ltr' id='par_1_6' title="bbox 215 2532 1640 2741">
     <span class='ocr_line' id='line_1_40' title="bbox 217 2532 1640 2580; baseline 0.001 -13"><span class='ocrx_word' id='word_1_368' title='bbox 217 2533 317 2567; x_wconf 73' lang='lat' dir='ltr'>will:</span> <span class='ocrx_word' id='word_1_369' title='bbox 340 2535 381 2568; x_wconf 87' lang='lat' dir='ltr'>ut</span> <span class='ocrx_word' id='word_1_370' title='bbox 404 2532 488 2568; x_wconf 89' lang='lat' dir='ltr'>dem</span> <span class='ocrx_word' id='word_1_371' title='bbox 514 2532 675 2577; x_wconf 78' lang='lat' dir='ltr'>intelligi.</span> <span class='ocrx_word' id='word_1_372' title='bbox 703 2552 746 2558; x_wconf 90' lang='lat'>—</span> <span class='ocrx_word' id='word_1_373' title='bbox 773 2534 821 2568; x_wconf 72' lang='lat'>20</span> <span class='ocrx_word' id='word_1_374' title='bbox 844 2533 1048 2579; x_wconf 87' lang='lat' dir='ltr'>inceptores</span> <span class='ocrx_word' id='word_1_375' title='bbox 1073 2534 1112 2570; x_wconf 92' lang='lat' dir='ltr'>P.</span> <span class='ocrx_word' id='word_1_376' title='bbox 1139 2553 1184 2559; x_wconf 89' lang='lat'>—-</span> <span class='ocrx_word' id='word_1_377' title='bbox 1210 2534 1257 2569; x_wconf 73' lang='lat'>24</span> <span class='ocrx_word' id='word_1_378' title='bbox 1281 2544 1355 2569; x_wconf 90' lang='lat' dir='ltr'>non</span> <span class='ocrx_word' id='word_1_379' title='bbox 1382 2533 1486 2569; x_wconf 83' lang='lat' dir='ltr'>valeo</span> <span class='ocrx_word' id='word_1_380' title='bbox 1514 2535 1640 2580; x_wconf 84' lang='lat' dir='ltr'>OPpV</span> 
     </span>
     <span class='ocr_line' id='line_1_41' title="bbox 218 2586 1636 2633; baseline 0.001 -12"><span class='ocrx_word' id='word_1_381' title='bbox 218 2605 262 2610; x_wconf 97' lang='lat'><strong>—</strong></span> <span class='ocrx_word' id='word_1_382' title='bbox 289 2586 336 2622; x_wconf 72' lang='lat'>25</span> <span class='ocrx_word' id='word_1_383' title='bbox 360 2588 545 2621; x_wconf 80' lang='lat' dir='ltr'>tantorum</span> <span class='ocrx_word' id='word_1_384' title='bbox 571 2597 599 2621; x_wconf 93' lang='lat' dir='ltr'>r.</span> <span class='ocrx_word' id='word_1_385' title='bbox 630 2587 668 2621; x_wconf 91' lang='lat'>0.</span> <span class='ocrx_word' id='word_1_386' title='bbox 696 2606 739 2612; x_wconf 92' lang='lat'>—-</span> <span class='ocrx_word' id='word_1_387' title='bbox 766 2598 819 2632; x_wconf 91' lang='lat' dir='ltr'>pr.</span> <span class='ocrx_word' id='word_1_388' title='bbox 846 2587 940 2623; x_wconf 82' lang='lat' dir='ltr'>facta</span> <span class='ocrx_word' id='word_1_389' title='bbox 964 2588 1060 2632; x_wconf 86' lang='lat' dir='ltr'>PpV</span> <span class='ocrx_word' id='word_1_390' title='bbox 1083 2607 1128 2614; x_wconf 92' lang='lat'>—</span> <span class='ocrx_word' id='word_1_391' title='bbox 1154 2587 1287 2623; x_wconf 81' lang='lat' dir='ltr'>iniusta</span> <span class='ocrx_word' id='word_1_392' title='bbox 1319 2588 1346 2622; x_wconf 79' lang='lat' dir='ltr'><strong><em>V</em></strong></span> <span class='ocrx_word' id='word_1_393' title='bbox 1375 2607 1420 2614; x_wconf 86' lang='lat'>—</span> <span class='ocrx_word' id='word_1_394' title='bbox 1445 2598 1539 2623; x_wconf 84' lang='lat' dir='ltr'>neue</span> <span class='ocrx_word' id='word_1_395' title='bbox 1575 2599 1636 2633; x_wconf 91' lang='lat' dir='ltr'>pu·</span> 
     </span>
     <span class='ocr_line' id='line_1_42' title="bbox 215 2639 1636 2686; baseline 0.001 -11"><span class='ocrx_word' id='word_1_396' title='bbox 215 2642 293 2675; x_wconf 85' lang='lat' dir='ltr'>tent</span> <span class='ocrx_word' id='word_1_397' title='bbox 325 2639 371 2675; x_wconf 80' lang='lat' dir='ltr'>V:</span> <span class='ocrx_word' id='word_1_398' title='bbox 395 2639 490 2675; x_wconf 77' lang='lat' dir='ltr'>nach</span> <span class='ocrx_word' id='word_1_399' title='bbox 509 2640 594 2675; x_wconf 78' lang='lat' dir='ltr'>E&#39;b.:</span> <span class='ocrx_word' id='word_1_400' title='bbox 620 2650 714 2675; x_wconf 90' lang='lat' dir='ltr'>neue</span> <span class='ocrx_word' id='word_1_401' title='bbox 739 2643 866 2686; x_wconf 86' lang='lat' dir='ltr'>putare</span> <span class='ocrx_word' id='word_1_402' title='bbox 884 2640 970 2685; x_wconf 89' lang='lat' dir='ltr'>(scil.</span> <span class='ocrx_word' id='word_1_403' title='bbox 989 2640 1137 2684; x_wconf 82' lang='lat' dir='ltr'>uidear).</span> <span class='ocrx_word' id='word_1_404' title='bbox 1162 2661 1210 2667; x_wconf 97' lang='lat'>—</span> <span class='ocrx_word' id='word_1_405' title='bbox 1234 2641 1281 2677; x_wconf 70' lang='lat'>28</span> <span class='ocrx_word' id='word_1_406' title='bbox 1305 2651 1378 2686; x_wconf 86' lang='lat' dir='ltr'>quo</span> <span class='ocrx_word' id='word_1_407' title='bbox 1394 2640 1452 2676; x_wconf 90' lang='lat' dir='ltr'>hic</span> <span class='ocrx_word' id='word_1_408' title='bbox 1471 2642 1514 2686; x_wconf 92' lang='lat' dir='ltr'>L,</span> <span class='ocrx_word' id='word_1_409' title='bbox 1539 2642 1636 2686; x_wconf 89' lang='lat' dir='ltr'>quod</span> 
     </span>
     <span class='ocr_line' id='line_1_43' title="bbox 215 2692 1635 2741; baseline 0.002 -13"><span class='ocrx_word' id='word_1_410' title='bbox 215 2692 274 2729; x_wconf 85' lang='lat' dir='ltr'>hic</span> <span class='ocrx_word' id='word_1_411' title='bbox 305 2693 342 2730; x_wconf 89' lang='lat' dir='ltr'><strong><em>V</em></strong></span> <span class='ocrx_word' id='word_1_412' title='bbox 360 2713 406 2720; x_wconf 97' lang='lat'><strong>—</strong></span> <span class='ocrx_word' id='word_1_413' title='bbox 432 2693 540 2729; x_wconf 88' lang='lat' dir='ltr'>mich.</span> <span class='ocrx_word' id='word_1_414' title='bbox 558 2696 641 2729; x_wconf 91' lang='lat' dir='ltr'>cott.</span> <span class='ocrx_word' id='word_1_415' title='bbox 667 2706 742 2729; x_wconf 84' lang='lat' dir='ltr'>nur</span> <span class='ocrx_word' id='word_1_416' title='bbox 766 2695 809 2729; x_wconf 88' lang='lat' dir='ltr'>L.</span> <span class='ocrx_word' id='word_1_417' title='bbox 836 2714 879 2720; x_wconf 92' lang='lat'>—</span> <span class='ocrx_word' id='word_1_418' title='bbox 906 2695 953 2730; x_wconf 77' lang='lat'>29</span> <span class='ocrx_word' id='word_1_419' title='bbox 970 2695 1065 2731; x_wconf 79' lang='lat' dir='ltr'>facto</span> <span class='ocrx_word' id='word_1_420' title='bbox 1083 2695 1148 2740; x_wconf 79' lang='lat' dir='ltr'>Pp.</span> <span class='ocrx_word' id='word_1_421' title='bbox 1175 2715 1220 2722; x_wconf 98' lang='lat'><strong>—</strong></span> <span class='ocrx_word' id='word_1_422' title='bbox 1246 2696 1294 2731; x_wconf 89' lang='grc'>30</span> <span class='ocrx_word' id='word_1_423' title='bbox 1317 2705 1482 2731; x_wconf 78' lang='lat' dir='ltr'>asserens</span> <span class='ocrx_word' id='word_1_424' title='bbox 1502 2695 1635 2741; x_wconf 81' lang='lat' dir='ltr'>OPpV.</span> 
     </span>
    </p>
   </div>
  </div>
 </body>
</html>
