1800 2930
756 185 1031 225 ...39-

186 302 396 344 coadunati
423 300 565 342 suerint
592 301 632 341 in
661 300 799 352 palatio
826 312 935 349 reges
963 304 1001 339 et
1027 298 1231 351 principes,
1261 303 1301 338 tu
1329 297 1440 338 solito
1468 301 1605 338 ornata

187 363 294 403 cultu
335 362 420 402 sola
452 362 501 402 ad
539 360 744 400 Lucinium
779 360 979 411 ingredere
1018 363 1056 398 et
1093 371 1225 397 coram
1262 370 1308 398 eo
1349 363 1488 406 uestes,
1524 370 1603 405 ora,

186 422 316 462 crines
335 421 515 461 manibus
544 419 815 471 unguibusque
835 418 1019 469 discerpe,
1049 417 1232 458 altissona
1250 430 1345 457 uoce
1372 416 1605 457 adiutorium

191 482 448 533 proclamans.
504 479 585 519 Nos
613 483 743 519 autem
771 478 820 517 ad
848 490 985 517 uocem
1014 477 1193 516 clamoris
1230 489 1476 516 accurremus
1504 475 1605 516 simi·

190 541 293 591 lique
322 541 439 579 modo
474 538 732 588 nosmetipsas
765 537 996 576 laniabimus
1035 541 1236 586 totumque
1272 535 1606 575 commonebimus
1652 532 1678 570 5

191 600 389 652 palatium,
418 598 588 638 diceutes
617 597 738 637 filium
767 596 867 647 regis
898 596 1055 635 thorum
1094 595 1212 646 patris
1240 599 1277 634 te
1305 594 1445 634 scilicet
1473 599 1607 646 stupro

192 658 378 699 uiolenter
420 657 614 698 maculare
655 655 836 695 uoluisse.
902 655 963 694 Tu
998 667 1091 694 uero
1129 654 1213 693 ilico
1247 653 1302 693 sic
1343 654 1525 705 dissipata
1558 654 1608 693 ad

192 731 321 770 regern
356 717 503 764 uenias,
541 716 624 756 eius
659 714 900 767 prouoluaris
936 714 1097 765 pedibus
1137 725 1345 763 coramque
1382 713 1536 764 regibus
1570 717 1608 752 et

192 776 429 830 principibus
458 789 574 828 super
602 780 710 815 tanto
739 774 880 826 flagitio
908 773 1097 812 iusticiam
1127 772 1310 823 requiras.
1367 772 1493 811 Virilis
1526 776 1609 811 esto

194 837 327 884 animi,
356 849 407 876 ne
435 836 570 875 timeas
597 840 770 874 mutum:
799 835 909 874 adest
936 838 1043 884 pater
1072 838 1172 880 tuus,
1207 832 1349 871 adsunt
1382 832 1518 871 fratres
1554 830 1608 870 tui
1631 827 1681 867 10

194 910 318 948 reges,
347 897 490 935 adsunt
510 907 664 946 quoque
683 893 795 934 amici
817 893 884 941 tui,
913 898 1041 944 patres
1060 891 1181 931 nostri
1203 904 1311 942 reges
1340 896 1377 931 et
1405 890 1609 943 principes,

193 956 259 1007 qui
293 960 441 1008 partem
479 960 586 994 tuam
615 959 790 1005 potenter
825 953 1045 992 defendant.
1101 951 1184 990 Hcc
1221 951 1353 990 dicens
1389 950 1451 990 illa
1477 950 1610 990 Medee

190 1015 370 1055 ministra
419 1014 594 1054 animum
640 1012 772 1064 regine
814 1025 947 1051 amore
991 1011 1215 1062 languidum
1255 1015 1361 1050 tanta
1402 1010 1610 1049 aduersum

197 1074 404 1115 Lucinium
433 1073 598 1113 armauit
626 1072 743 1120 rabie,
773 1077 817 1111 ut
842 1070 978 1111 maiori
1007 1071 1045 1110 in
1079 1083 1169 1110 eum
1198 1069 1338 1109 seuiret
1365 1068 1452 1109 odio
1479 1081 1612 1109 amore

194 1148 273 1186 quo
294 1134 401 1186 prius
415 1133 609 1172 urebatur.
651 1131 714 1171 Sic
734 1144 825 1182 ergo
845 1131 1005 1170 uertitur
1024 1130 1063 1169 in
1084 1129 1346 1169 crudelitatem
1365 1142 1486 1177 amor,
1502 1128 1613 1168 uerti-
1634 1122 1682 1161 15

191 1199 256 1234 tur
285 1194 325 1233 in
353 1193 535 1240 furorem,
565 1205 657 1231 uere
685 1196 727 1230 ut
754 1190 805 1229 ait
833 1196 944 1241 poeta

405 1252 612 1291 ‘uarium
641 1256 687 1290 et
714 1250 959 1289 mutabile
987 1261 1179 1299 semper
1206 1247 1417 1288 femina?

192 1313 280 1353 Sub
309 1312 425 1351 unius
453 1311 594 1351 etenim
630 1311 727 1349 hore
754 1309 877 1361 spatio
919 1309 1021 1359 quod
1058 1307 1163 1359 petiit
1203 1307 1361 1358 spernit,
1395 1306 1473 1346 odit
1510 1307 1612 1357 quod

190 1377 407 1416 amauerat.
437 1372 539 1422 quod
564 1370 756 1409 obtulerat
784 1373 909 1420 negat,
937 1366 1152 1418 insequitur
1181 1367 1282 1417 quod
1310 1367 1471 1417 fugerat,

273 1431 496 1470 ‘soluitur
524 1430 570 1469 in
599 1429 777 1478 risum,
806 1427 1017 1468 lacrimis
1045 1426 1318 1466 madidatur
1345 1424 1531 1465 amaris’
1631 1417 1685 1456 20

189 1496 232 1531 et
258 1492 330 1530 hec
359 1490 491 1529 omnia
528 1503 550 1528 e
583 1501 786 1528 conuerso.
843 1488 919 1527 Sed
955 1486 1044 1537 quid
1079 1486 1213 1538 plura?
1267 1485 1382 1525 Mane
1416 1485 1514 1524 facto
1551 1484 1614 1524 illa

193 1551 243 1590 ad
261 1549 465 1590 Luciniurn
493 1550 668 1600 ingressa
686 1549 900 1588 secundum
931 1547 1033 1598 quod
1060 1547 1193 1586 edocta
1214 1550 1306 1593 erat,
1336 1544 1375 1584 in
1405 1549 1613 1595 conspectu

194 1610 314 1662 ipsius
333 1609 528 1660 unguibus
548 1613 677 1648 exarat
698 1608 835 1647 faciem
854 1606 1113 1656 manibusque
1131 1605 1289 1657 capillos
1309 1604 1448 1644 euellit.
1489 1603 1613 1643 Cruor

193 1670 291 1709 haut
318 1669 493 1708 modicus
519 1667 612 1707 hinc
639 1667 794 1718 profluit
831 1672 945 1716 atque
973 1665 1106 1712 inficit,
1143 1665 1216 1704 hec
1244 1669 1372 1704 uestes
1406 1663 1550 1702 lacerat
1576 1667 1613 1702 et

196 1741 292 1768 uoce
319 1727 453 1779 grandi
492 1727 661 1767 concutit
688 1732 726 1766 et
752 1731 891 1766 contur
996 1724 1139 1764 aulam.
1195 1723 1544 1774 Conglomerantur
1571 1721 1612 1760 in
1631 1713 1682 1751 25

197 1801 321 1828 unum
341 1788 517 1828 fautrices
537 1786 703 1834 sceleris,
733 1726 962 1837 streffl?
954 1783 1188 1824 clamoribus
1208 1787 1362 1834 augent,
1391 1782 1612 1828 dilacerant,

196 1852 383 1899 rumpunt
411 1860 502 1887 cum
530 1846 703 1886 uestibus
732 1859 813 1892 ora,
842 1845 1010 1896 capillos.
1067 1843 1144 1883 Sed
1172 1842 1263 1893 quid
1292 1841 1384 1893 agis,
1413 1842 1561 1889 Medea,
1590 1853 1614 1880 o

197 1908 333 1947 Medea
378 1907 518 1955 seuior,
566 1905 845 1946 trunculentior
887 1904 1157 1944 Clitemnestra
1207 1902 1459 1951 omniumque
1503 1900 1611 1951 inpu-

195 1966 349 2006 dentior
366 1966 585 2012 mulierum,
614 1965 705 2015 quid
721 1964 831 2016 agis?
865 1964 913 2003 Vt
940 1963 1107 2015 perimas
1135 1962 1396 2007 innocentem,
1425 1965 1462 1999 te
1488 1959 1613 2011 ipsam

196 2026 384 2066 dilanias?
414 2044 417 2045 ⁷
448 2026 565 2065 Hunc
600 2025 690 2076 quia
725 2023 917 2064 recusauit
953 2028 1142 2074 stuprum,
1180 2020 1450 2074 persequeris?
1513 2008 1686 2058 'ran-30

197 2091 334 2126 tumne
367 2085 578 2137 promeruit
607 2084 811 2136 pudicitia?
867 2082 941 2122 Vbi
969 2095 1079 2122 amor
1112 2082 1173 2121 ille
1208 2093 1285 2131 quo
1326 2078 1512 2127 urebaris,
1547 2077 1615 2118 ubi

319 2211 341 2246 3
372 2221 470 2245 man.
505 2209 648 2254 vngulis
682 2209 711 2244 Ο
733 2227 781 2233 -
805 2208 996 2252 decerpere
1013 2206 1116 2241 stude
1136 2205 1232 2250 OPp,
1258 2204 1343 2239 disc.
1366 2203 1497 2238 festina
1521 2201 1615 2237 V—

197 2264 375 2301 altissima
403 2264 486 2308 01²1>
497 2264 539 2299 V.
554 2282 599 2287 —
628 2264 672 2298 10
689 2262 731 2297 fr.
749 2271 852 2306 reges
869 2262 912 2296 L.
941 2280 980 2287 —
1007 2261 1051 2294 15
1064 2259 1232 2294 utebatur
1249 2257 1340 2294 V—
1357 2256 1393 2290 Si
1411 2265 1496 2299 ergo
1513 2264 1617 2289 amor

200 2322 291 2354 uert.
317 2317 353 2352 in
379 2328 428 2352 cr.
446 2327 532 2351 uere
556 2320 597 2351 ut
626 2316 707 2352 OV.
737 2335 776 2341 —
808 2315 849 2349 17
878 2317 965 2349 mut.
998 2323 1060 2349 cor
1083 2311 1244 2347 mulieris
1269 2314 1305 2346 et
1328 2308 1546 2345 incredibilis
1568 2307 1616 2342 fe-

199 2371 301 2407 mina
317 2381 459 2416 semper
486 2370 618 2414 OPpV.
643 2388 690 2393 -—
717 2369 761 2404 18
778 2368 913 2413 spreuit
937 2368 1002 2412 Pp.
1029 2385 1071 2391 —
1099 2366 1145 2401 23
1170 2375 1254 2410 ung.
1272 2375 1346 2399 nur
1362 2364 1395 2398 L
1418 2381 1466 2387 —
1494 2363 1617 2396 examt

202 2425 239 2460 id
255 2427 309 2460 est
325 2424 437 2459 laniat
471 2424 515 2468 V,
540 2423 699 2468 excerpit
724 2422 767 2464 Ο,
793 2425 915 2457 exerat
941 2422 994 2465 Pp
1018 2439 1065 2444 —
1090 2430 1166 2464 cap.
1192 2418 1323 2453 euertit
1350 2417 1449 2461 opp,
1474 2415 1557 2450 eicit
1577 2413 1615 2450 V.

201 2498 249 2503 —
273 2478 402 2513 24hoc
426 2480 515 2512 uest.
529 2478 561 2511 L
587 2496 629 2502 —
647 2476 823 2511 laceratas
837 2476 969 2519 LOPp.
995 2494 1041 2500 —
1069 2474 1116 2508 25
1131 2469 1616 2508 turbatL——Glomerantur

201 2532 277 2567 LP.
291 2551 333 2558 —
349 2532 395 2567 26
405 2531 553 2567 actrices
566 2542 615 2566 sc.
632 2530 731 2566 OPV
746 2549 786 2555 -—
802 2529 907 2570 26s27
922 2531 984 2562 str.
995 2529 1249 2572 persequentes
1263 2523 1325 2559 sed
1338 2522 1425 2568 quid
1444 2522 1537 2566 OPp,
1551 2523 1614 2555 str.

204 2587 467 2631 perstrepentes
490 2584 554 2619 sed
578 2583 665 2628 quid
698 2583 736 2619 V.
765 2603 804 2609 -
833 2582 877 2617 27
896 2581 1020 2616 Medea
1046 2581 1164 2614 himer
1188 2578 1265 2622 agis
1289 2577 1379 2621 fehlt
1405 2576 1491 2619 OPp
1501 2575 1544 2611 V.
1571 2591 1615 2598 —

202 2639 253 2674 30
275 2638 453 2674 dilanians
486 2638 552 2683 Pp,
584 2636 790 2672 declamans
818 2636 847 2670 Ο
885 2651 933 2660 -
973 2634 1137 2669 Tantane
1162 2642 1215 2677 pr.
1240 2630 1299 2666 hic
1324 2629 1474 2675 pudicus
1505 2627 1535 2662 0
1570 2646 1615 2653 —

201 2693 247 2727 31
274 2702 348 2737 quo
371 2691 560 2727 vehebaris
588 2691 627 2733 O,
661 2700 733 2734 quo
758 2689 917 2724 utebaris
950 2686 988 2722 V.
