1800 2930
845 186 1119 225 -18-

280 302 353 342 bus
381 301 621 342 diuinitatem
658 300 692 341 ei
720 300 848 340 inesse
880 300 1118 351 putantibus,
1155 313 1223 351 per
1261 313 1378 350 quam
1410 299 1570 339 haberet
1606 313 1688 351 pre-

279 361 485 402 scienciam
514 361 743 400 futurorum.
798 360 884 411 Ipse
912 364 1041 399 autem
1071 372 1159 399 cum
1193 364 1323 399 tantus
1352 365 1453 398 esset
1481 364 1689 409 tantusque

278 421 521 461 estimaretur
548 420 597 460 ab
625 419 848 459 hominibus
868 432 1076 470 paremque
1105 432 1192 458 eum
1214 418 1286 458 sibi
1315 418 1353 457 in
1375 418 1482 457 omni
1510 418 1687 458 facultate

277 480 456 532 Virgilius
490 479 714 531 predicaret,
750 491 951 529 nunquam
986 483 1115 517 tamen
1151 477 1185 517 ei
1224 478 1434 517 consedere
1468 477 1590 517 uoluit
1623 479 1689 518 uel

233 541 257 579 5
277 539 420 590 equari,
449 540 516 579 sed
545 551 697 590 semper
725 538 797 577 sub
832 537 940 589 uirga
977 537 1058 577 eius
1093 542 1129 577 et
1157 537 1358 588 disciplina
1391 537 1546 584 mansit,
1581 550 1626 577 ac
1654 538 1685 577 si

274 603 369 639 tunc
387 599 554 651 primum
574 597 765 638 elementa
783 597 944 637 disceret
962 597 1187 636 litterarum.
1226 597 1336 636 Vnde
1355 610 1402 636 ex
1422 597 1497 636 hoc
1515 597 1685 637 maxime

275 658 356 698 eius
375 658 569 697 humilitas
589 657 873 708 comprobatur,
903 656 993 707 quia
1011 669 1100 696 cum
1128 656 1209 707 ipse
1229 669 1386 707 procere
1405 661 1550 696 stature
1570 662 1684 705 esset,

274 717 451 769 Virgilius
471 730 562 757 uero
583 716 729 768 pusille,
749 717 953 756 ambulans
973 716 1034 755 uel
1053 721 1160 755 stans
1175 729 1264 755 cum
1280 716 1463 766 magistro
1482 715 1687 756 incuruato

276 782 472 817 contracto
500 790 659 827 corpore
688 780 780 822 erat,
823 789 873 814 ne
900 775 1010 815 altior
1038 788 1083 815 eo
1121 775 1183 814 uel
1211 775 1441 825 prestantior
1478 775 1682 815 uideretur.

207 836 256 876 10
272 834 461 924 Peracto
489 836 616 886 itaque
643 835 824 875 Lucinius
854 835 926 874 sub
955 834 1153 885 disciplina
1181 834 1323 886 Virgilii
1351 834 1565 885 septennio,
1595 848 1683 874 cum

359 895 437 935 iam
465 896 503 934 in
533 895 674 935 artium
693 907 762 934 seu
790 894 1032 945 philosophie
1052 893 1214 933 sciencia
1243 894 1336 933 nulli
1365 894 1558 933 secundus
1580 894 1683 934 uide-

272 960 389 1003 retur,
418 954 575 1005 contigit
611 959 653 994 ut
681 955 847 1004 quadam
882 954 941 993 die
970 953 1125 1004 Virgilio
1160 954 1208 993 ad
1243 954 1510 992 deducendum
1544 967 1683 1005 corpus

272 1027 426 1065 egresso
454 1013 536 1066 ipse
564 1014 669 1053 solus
697 1013 737 1052 in
766 1013 942 1052 cubiculo
969 1018 1186 1052 remaneret
1214 1018 1417 1063 seratoque
1445 1012 1541 1051 ostio
1571 1013 1610 1051 in
1640 1013 1683 1052 li-

271 1073 371 1113 bello
389 1073 453 1113 illo
482 1072 698 1124 conscripto
717 1073 765 1111 de
792 1072 938 1112 artibus
957 1072 1109 1123 legeret,
1137 1072 1372 1111 astronomie
1400 1072 1550 1122 regulas
1579 1078 1683 1112 tena-

205 1132 252 1170 15
273 1132 348 1172 tius
376 1133 656 1172 commendans
683 1131 879 1180 memorie,
909 1144 998 1171 cum
1026 1131 1152 1171 subita
1180 1131 1297 1171 animi
1317 1131 1528 1170 mutatione
1556 1133 1682 1171 turba-

271 1197 333 1231 tus
360 1192 506 1243 ingenti
533 1193 700 1232 clamore
728 1191 869 1230 emisso
896 1191 936 1230 in
965 1196 1107 1230 terram
1135 1190 1276 1230 corruit
1304 1190 1521 1241 resupinus.
1581 1192 1682 1231 Uoce

271 1264 362 1303 ergo
389 1252 485 1291 tanti
513 1251 654 1291 doloris
682 1250 811 1290 audita
839 1251 1037 1302 perterrita
1064 1251 1256 1290 concurrit
1284 1250 1436 1297 familia,
1473 1251 1683 1290 conuolant

270 1310 485 1351 uicinarum
504 1312 710 1350 domorum
740 1310 809 1349 uiri
837 1323 882 1350 ac
900 1310 1091 1358 mulieres,
1121 1310 1211 1360 quid
1230 1309 1407 1349 acciderit
1434 1309 1576 1359 quidue
1596 1315 1681 1349 tan-

269 1375 332 1410 tus
360 1370 505 1410 clamor
533 1369 718 1421 significet
747 1369 981 1420 queritantes
1001 1382 1184 1419 moreque
1213 1382 1283 1408 suo
1312 1368 1554 1419 impatientes
1583 1370 1679 1408 seris

198 1429 251 1468 20
270 1429 355 1469 ostii
395 1430 599 1469 confractis
639 1442 728 1468 cum
761 1429 907 1479 impetu
950 1428 1169 1479 irrumpunt
1210 1428 1428 1467 cubiculum
1470 1428 1679 1479 uidentque

267 1488 470 1528 Lucinium
500 1502 615 1539 super
641 1488 863 1539 pauimenta
889 1487 1012 1527 iacere
1041 1488 1269 1527 exanimem.
1309 1487 1473 1539 Propius
1501 1501 1591 1538 ergo
1620 1501 1678 1527 ac-

268 1549 447 1588 cedentes
475 1549 632 1600 palpant
660 1548 812 1598 singula
839 1547 1007 1598 corporis
1041 1547 1204 1587 menbra
1231 1547 1511 1597 inueniuntque
1545 1547 1678 1599 rigida,

268 1607 404 1647 caloris
433 1607 548 1647 totius
575 1620 620 1647 ac
648 1606 907 1646 sensibilitatis
935 1606 1116 1655 carentia,
1153 1606 1226 1646 nisi
1256 1608 1357 1657 quod
1395 1611 1546 1646 tantum
1580 1606 1681 1646 circa

267 1679 333 1706 cor
360 1667 462 1706 calor
481 1666 722 1718 permodicus
743 1666 951 1717 pulsusque
980 1666 1228 1705 tenuissimus
1248 1666 1497 1705 sentiebatur.
1534 1666 1679 1706 Aderat

196 1726 247 1764 25
267 1729 360 1766 tunc
387 1726 484 1765 forte
502 1725 602 1765 inter
621 1725 714 1765 alios
742 1725 899 1775 quidam-
916 1724 1153 1764 medicinalis
1182 1724 1274 1764 artis
1296 1725 1450 1776 peritus.
1480 1726 1543 1776 qui
1572 1726 1677 1765 intel-

264 1784 388 1836 ligens
416 1799 462 1825 ex
483 1785 638 1825 tristicia
657 1785 845 1824 defectum
864 1784 982 1824 animi
1012 1784 1093 1824 fieri
1113 1785 1365 1835 suffocarique
1384 1785 1559 1836 spiritum
1578 1786 1679 1825 intra

267 1857 333 1884 cor
360 1845 548 1896 sanguine
576 1844 745 1895 undique
764 1845 961 1895 coagulato
990 1844 1181 1883 inclusum
1214 1844 1319 1883 iubet
1348 1850 1390 1883 ut
1417 1845 1488 1883 sibi
1516 1845 1677 1884 celerius

266 1917 366 1955 aqua
385 1904 518 1956 frigida
535 1917 580 1944 ac
599 1903 719 1943 calida
739 1904 941 1943 deferatur.
979 1903 1065 1952 Qua
1083 1904 1210 1943 adlata
1229 1909 1402 1944 extrema
1420 1905 1671 1944 menbrorum

266 1963 458 2015 perfundit
485 1963 620 2015 frigida
647 1963 886 2013 calidamque
913 1963 1002 2002 lane
1029 1963 1198 2002 infusam
1225 1963 1263 2002 in
1293 1965 1452 2003 modum
1481 1964 1676 2014 emplastri

193 2022 248 2062 30
265 2023 410 2074 pectori
436 2024 638 2074 coadaptat
665 2028 707 2062 ut
735 2022 908 2062 uidelicet
935 2022 1081 2073 aqualis
1110 2023 1287 2062 elementi
1316 2023 1418 2062 calor
1446 2023 1673 2073 sanguinem

385 2158 401 2192 1
429 2157 502 2194 diu.
529 2157 643 2193 eidem
661 2157 799 2203 OPpV.
825 2179 869 2184 —
896 2158 917 2193 3
942 2157 1094 2193 existim.
1120 2158 1166 2193 ab
1191 2157 1359 2193 omnibus
1387 2158 1486 2203 OPp.
1507 2180 1550 2185 —
1572 2160 1590 2194 7
1617 2171 1676 2204 ap-

263 2211 438 2256 probatur
473 2210 512 2247 0.
555 2232 600 2238 —-
641 2212 663 2246 9
688 2211 904 2247 contractior
940 2211 970 2247 O
1006 2232 1051 2237 —
1089 2211 1147 2246 uel
1172 2212 1406 2256 apparencior
1449 2212 1537 2256 OPp
1547 2214 1585 2247 V.
1629 2235 1674 2241 —

267 2265 311 2300 10
334 2264 508 2300 lucisnius
525 2265 560 2301 L
578 2285 622 2291 -—
640 2264 708 2300 sub
725 2264 848 2300 eadem
876 2265 909 2300 d.
931 2264 1066 2310 OPpV.
1081 2285 1125 2291 —
1143 2266 1181 2300 11
1202 2266 1332 2300 aitium
1351 2276 1414 2300 seu
1439 2266 1527 2309 fehlt
1547 2267 1636 2312 OPp
1647 2270 1677 2302 V

264 2339 310 2345 —-
341 2329 377 2353 n.
402 2318 530 2353 similis
562 2319 596 2353 V
617 2339 661 2344 —
687 2322 779 2353 esset
805 2317 895 2364 OPp
906 2319 943 2353 V.
971 2339 1015 2344 —
1044 2319 1086 2353 13
1111 2319 1188 2363 ipse
1212 2330 1302 2364 puer
1332 2318 1367 2354 in
1394 2330 1421 2353 c.
1450 2319 1542 2364 OPp
1553 2321 1591 2355 V.
1628 2343 1671 2348 —

266 2372 310 2406 15
334 2382 443 2407 mem.
457 2372 746 2407 commendasset
764 2371 855 2417 OPp
864 2372 945 2407 V—
963 2383 1020 2407 an.
1047 2372 1257 2407 turbacione
1283 2374 1441 2407 mutatus
1469 2372 1559 2418 opp
1568 2375 1607 2408 V.
1627 2397 1670 2401 —

265 2425 309 2460 16
335 2425 466 2460 emisso
482 2426 572 2469 fehlt
591 2424 728 2470 OPpV.
747 2446 791 2451 —
813 2426 853 2460 17
879 2425 949 2461 dol.
968 2428 1003 2460 et
1028 2425 1195 2461 clamoris
1224 2425 1254 2462 Ο
1278 2446 1322 2452 -
1348 2425 1493 2461 euolant
1520 2427 1600 2462 OV.
1628 2450 1671 2455 ——

267 2478 311 2514 19
336 2481 360 2513 t.
378 2478 480 2514 dolor
507 2478 642 2524 OPpV
655 2500 699 2505 —
718 2482 908 2524 querentes
927 2479 1065 2524 OPpV.
1085 2500 1129 2505 —
1155 2480 1197 2514 ⁶21
1217 2479 1408 2515 lucisnium
1427 2480 1462 2516 L
1489 2501 1532 2506 ——
1558 2492 1585 2516 S.
1612 2494 1672 2526 pa-

262 2531 425 2568 uimento
442 2533 479 2568 P
495 2553 540 2559 -
556 2532 733 2568 iacentem
754 2532 888 2578 OPpV
901 2554 946 2559 —
964 2533 1010 2568 ⁶22
1027 2533 1091 2576 rig.
1110 2536 1145 2568 et
1161 2533 1251 2568 dura
1276 2534 1341 2569 cal.
1375 2534 1414 2568 V.
1442 2554 1485 2559 -—
1511 2534 1558 2569 24
1575 2536 1672 2571 calor

263 2586 427 2621 modicus
458 2585 598 2631 OPpV.
626 2607 670 2613 —
700 2587 746 2621 26
763 2586 833 2621 def.
860 2597 943 2622 eum
974 2586 1070 2622 feriri
1090 2586 1137 2627 0;
1163 2587 1372 2623 defunctum
1394 2589 1433 2623 L.
1462 2609 1506 2614 —
1532 2590 1576 2623 27
1595 2600 1672 2634 pre·

263 2638 402 2674 clusum
436 2640 476 2675 V.
503 2659 545 2666 -
572 2640 618 2676 28
644 2639 723 2684 Qua
752 2640 871 2675 ablata
895 2641 976 2683 LV,
1004 2640 1194 2686 Electaque
1222 2642 1307 2686 OPp
1331 2641 1461 2683 (adlata
1489 2643 1588 2678 Coni.
1608 2645 1670 2684 St„

262 2691 385 2728 oblata
401 2693 462 2736 Ιι).
493 2713 536 2719 -
571 2694 617 2729 30
641 2696 784 2739 coaptat
800 2695 875 2729 LV
897 2712 936 2720 —
963 2694 1102 2739 aqualis
1124 2696 1223 2730 C'om’.
1240 2696 1302 2738 St„
1328 2696 1478 2731 actualis
1502 2696 1560 2731 die
1584 2697 1669 2732 Hss.
