1806 3022
711 202 956 240 -7-

131 322 223 361 dere
250 325 468 372 satagentes
496 318 536 358 in
556 329 764 358 commune
782 316 875 356 deos
894 314 1070 366 precibus
1089 319 1126 354 et
1152 314 1287 354 hostiis
1315 313 1538 361 exorabant,

131 380 311 432 quatinus
340 379 418 431 regi
461 390 614 429 semper
641 375 797 429 propicii
834 375 998 414 salutem
1026 373 1061 414 ei
1088 379 1125 413 et
1165 373 1284 413 uitam
1317 373 1539 413 diuturnam

132 440 372 491 largirentur.

131 496 306 585 Interea
332 502 462 538 autem
481 496 595 535 diuus
614 494 812 545 Augustus
840 492 956 532 totius
976 492 1078 531 orbis
1107 491 1371 531 monarchiam
1390 491 1537 542 magni-

202 558 273 598 fice
318 562 355 597 et
395 555 553 596 feliciter
593 553 815 606 gubernans
856 551 1034 591 audiebat
1075 563 1166 602 sepe
1206 551 1396 602 preclaras
1442 550 1540 616 regis
1585 553 1610 590 5

133 616 368 668 Dolopathos
405 613 624 666 probitates,
662 625 741 651 non
780 611 932 662 quidem
971 616 1013 650 ut
1048 611 1214 657 inuidus,
1254 610 1322 650 sed
1364 610 1426 661 qui
1459 610 1540 649 eius

132 676 337 717 uirtutibus
383 673 551 714 maxime
590 672 853 712 delectaretur.
917 670 1062 710 Verum
1098 682 1187 709 cum
1226 681 1377 720 semper
1418 668 1541 708 uirtus

132 734 305 776 emulum
345 739 383 774 et
423 731 484 784 pie
524 731 662 771 uiuens
697 730 838 770 habeat
871 730 1137 776 detractorem,
1171 728 1327 779 quidam
1368 727 1541 779 pestilen-

132 794 271 834 tissimi
325 792 445 845 patrie
494 790 720 843 proditores,
776 801 908 828 osores
955 788 1058 839 pacis
1104 793 1141 828 et
1188 787 1326 838 quietis
1354 787 1542 837 salutique

117 852 338 893 ‘hominum
383 850 604 891 inuidentae
638 849 738 900 regis
771 848 940 887 felicibus
972 847 1120 887 actibus
1161 847 1411 898 derogabant.
1480 845 1529 884 Hi
1565 847 1613 886 10

132 925 224 963 ergo
256 910 356 951 illius
383 909 568 950 stimulati
605 908 760 955 inuidia,
788 907 886 946 illius
914 907 1090 958 pestifero
1127 918 1278 946 ueneno
1319 905 1437 957 potati
1477 906 1542 956 qui

132 971 257 1023 primo
295 974 499 1010 neeauerat
536 967 856 1021 prothoplastum,
898 979 1007 1017 pares
1045 966 1083 1004 in
1113 965 1293 1016 nequitia,
1321 964 1475 1015 equales
1503 965 1542 1003 in

132 1030 288 1078 scelere,
318 1029 529 1070 concordes
564 1028 603 1066 in
636 1026 860 1079 proditione,
891 1038 969 1065 uno
1001 1025 1144 1072 animo,
1181 1037 1260 1064 uno
1288 1024 1426 1071 studio,
1464 1036 1543 1063 uno

134 1102 201 1130 ore
225 1089 430 1140 loquentes
458 1088 592 1127 ineunt
621 1085 840 1133 consilium,
874 1090 1027 1124 armant
1062 1097 1132 1124 sua
1160 1089 1294 1124 contra
1330 1096 1460 1134 regem
1487 1083 1542 1122 in·

132 1148 257 1201 genia,
285 1148 524 1188 collocuntur
552 1146 745 1197 quomodo
764 1157 854 1184 eum
882 1145 970 1183 dolo
990 1148 1146 1183 teneant
1173 1148 1210 1183 et
1238 1142 1424 1190 occidant,
1452 1155 1542 1193 qua·
1565 1146 1613 1184 15

133 1208 236 1248 tinus
276 1220 323 1247 eo
361 1206 439 1246 uite
473 1206 670 1246 subtracto
704 1204 865 1244 liberam
902 1203 1082 1254 deinceps
1121 1202 1338 1242 facultatem
1374 1202 1543 1241 habeant

137 1266 388 1318 malignandi.
445 1265 523 1305 Sed
550 1265 625 1304 hoc
642 1263 805 1303 Martiali
831 1262 956 1314 gladio
984 1262 1080 1301 effici
1108 1274 1188 1301 non
1217 1261 1300 1301 sine
1326 1261 1544 1300 discrimine

132 1338 295 1366 suorum
327 1337 532 1376 corporum
561 1323 807 1364 arbitrantur.
846 1322 907 1361 Ad
935 1321 1007 1361 alia
1026 1321 1137 1373 igitur
1164 1325 1358 1361 uertentes
1386 1320 1544 1360 consilia

132 1390 248 1436 atque
277 1385 352 1424 alia
381 1383 648 1424 machinantes
676 1386 843 1433 querunt
880 1394 956 1432 qua
991 1386 1086 1428 arte,
1120 1393 1197 1431 quo
1232 1380 1385 1431 ingenio
1418 1392 1544 1430 quoue

133 1450 245 1496 pacto
274 1443 598 1484 nefandissimum
626 1442 752 1482 scelus
781 1441 988 1492 perducere
1014 1440 1169 1480 ualeant
1196 1440 1245 1479 ad
1273 1439 1463 1486 effectum,
1490 1438 1545 1477 ni·
1564 1443 1616 1482 20

132 1503 286 1554 chilque
321 1501 494 1542 securius
530 1500 734 1541 inueniunt
767 1513 885 1551 quam
924 1505 978 1547 ut,
1024 1499 1127 1550 quod
1164 1499 1291 1550 palam
1327 1498 1428 1538 ferro
1463 1511 1545 1537 non

133 1562 289 1609 audent,
321 1562 397 1601 hoc
429 1561 566 1601 saltem
595 1560 634 1599 in
663 1559 812 1599 occulto
838 1559 978 1610 linguis
997 1558 1163 1599 efficiant
1193 1557 1412 1597 uenenosis.
1449 1556 1545 1596 Exa-

134 1627 255 1661 cuunt
290 1633 380 1673 ergo
417 1620 456 1660 in
487 1620 633 1672 gladios
666 1619 816 1670 linguas
853 1631 957 1667 suas,
991 1618 1197 1658 intendunt
1229 1630 1375 1665 arcum,
1408 1622 1546 1668 parant

133 1680 290 1732 sagittas
318 1680 358 1719 in
391 1680 584 1731 pharetra,
613 1684 654 1718 ut
683 1678 863 1730 sagittent
896 1677 935 1716 in
964 1678 1113 1717 occulto
1140 1682 1177 1716 et
1212 1676 1402 1728 perimant
1438 1677 1545 1715 inno·

134 1744 298 1780 centem.
355 1739 491 1790 Neque
509 1751 660 1778 moram
687 1737 861 1788 nequicie
880 1750 950 1777 sue
977 1737 1163 1788 patientes
1183 1736 1336 1783 diutius,
1365 1740 1407 1775 ut
1434 1748 1546 1786 opor·
1564 1738 1615 1777 25

134 1804 273 1839 tunum
301 1804 453 1850 tempus
492 1798 594 1838 nacti
621 1802 725 1845 sunt,
772 1797 918 1836 curiam
958 1798 1113 1844 adeunt,
1154 1800 1196 1836 ut
1234 1807 1366 1835 coram
1406 1794 1547 1834 Cesare

132 1870 320 1909 sacroque
347 1862 484 1898 senatu
503 1856 668 1897 trisulcis
695 1856 834 1907 linguis
859 1861 1043 1895 euomant
1062 1867 1271 1895 uenenum.
1309 1854 1384 1902 Qui
1402 1859 1545 1901 tamen,

133 1930 184 1957 ne
210 1916 383 1957 sollercia
415 1918 651 1968 prudentum
669 1915 842 1955 uirorum
870 1915 1076 1954 mendaces
1095 1927 1181 1954 osse
1208 1913 1547 1965 deprehendantur

131 1981 170 2016 et
188 1975 323 2023 dolosi,
356 1975 633 2031 machinationi
660 1980 697 2015 et
715 1974 960 2014 amaritudini
991 1973 1131 2014 mentis
1150 1986 1220 2013 sue
1238 1972 1314 2012 mel
1332 1977 1546 2024 apponunt,

135 2036 302 2086 quedam
321 2035 445 2076 uerba
473 2035 582 2086 quasi
601 2034 780 2086 pietatem
806 2033 990 2073 habentia
1008 2033 1242 2073 mendaciter
1263 2031 1546 2084 pretendentes,
1564 2035 1618 2073 30

131 2095 301 2135 dicentes
329 2107 371 2134 se
399 2107 495 2134 esse
523 2095 618 2134 tales
645 2094 711 2145 qui
739 2106 808 2133 sue
836 2093 1031 2144 patrieque
1059 2091 1171 2132 saluti
1199 2091 1318 2131 uelint
1345 2091 1547 2130 consulere

132 2159 170 2194 et
196 2154 251 2194 rei
279 2154 429 2206 publice
456 2154 670 2205 prouidere,
699 2157 736 2192 et
770 2152 909 2192 idcirco
936 2152 1009 2191 sub
1037 2164 1178 2203 magno
1206 2149 1425 2190 discrimine
1453 2149 1546 2189 tanti

132 2213 277 2253 itineris
305 2213 563 2265 assumpsisse
588 2212 774 2260 laborem,
803 2225 848 2251 ac
876 2211 930 2251 sic
957 2211 1095 2262 pietate
1123 2215 1302 2262 pretensa
1329 2209 1454 2260 primo
1482 2221 1548 2248 ore

254 2292 268 2326 1
298 2291 499 2327 adorabant
530 2291 630 2326 Κ-
645 2291 669 2325 5
693 2301 720 2325 ι·.
746 2289 930 2334 dolopathi
955 2287 1106 2324 uirtutes
1129 2299 1172 2323 ac
1197 2297 1247 2332 pr.
1274 2287 1338 2332 Pp.
1369 2305 1403 2311 —
1438 2286 1460 2320 6
1485 2286 1547 2321 sed

135 2344 231 2390 quod
256 2344 361 2390 OpV.
389 2363 432 2370 —
459 2345 482 2379 9
507 2354 648 2380 errores
673 2355 706 2389 p.
724 2343 831 2388 PpV,
858 2343 1086 2386 derogatum
1110 2352 1144 2386 p.
1161 2340 1201 2377 Ο.
1227 2360 1272 2367 -
1301 2340 1344 2375 10
1369 2339 1479 2375 felicis
1508 2341 1546 2375 0.

133 2398 238 2434 -12
262 2398 300 2433 in
326 2408 390 2433 vor
412 2408 449 2433 n.
467 2398 558 2441 fehlt
582 2398 679 2432 allen
703 2398 790 2432 Hae.
815 2397 932 2438 (Cone.
948 2396 1024 2439 δι),
1048 2406 1083 2440 p.
1108 2394 1271 2440 nequicie
1295 2397 1331 2429 et
1354 2404 1386 2429 e.
1415 2393 1546 2439 OPpV.

133 2471 179 2478 -
205 2451 251 2487 14
273 2451 425 2487 consilia
457 2452 491 2485 V
521 2471 567 2478 —-
601 2461 703 2487 arma
727 2461 794 2485 sua
823 2450 922 2485 OPV
946 2468 988 2473 —
1013 2460 1044 2485 c.
1070 2460 1098 2484 r.
1123 2451 1258 2484 acuunt
1281 2457 1404 2492 quom.
1437 2448 1477 2481 V.
1501 2467 1547 2473 -

139 2505 184 2540 15
206 2504 384 2540 collocant
411 2505 451 2539 0.
478 2522 519 2530 -
557 2505 600 2539 16
626 2515 670 2539 eo
696 2504 774 2538 viro
802 2504 841 2544 0,
867 2514 910 2538 eo
935 2503 1013 2538 iure
1044 2503 1087 2538 V.
1126 2522 1171 2528 —
1211 2501 1254 2537 17
1279 2500 1454 2536 materiali
1478 2501 1546 2545 Lp.

134 2578 180 2585 -
207 2558 250 2594 18
274 2560 456 2594 uertantes
481 2559 524 2593 L.
551 2576 599 2583 —·
632 2558 675 2592 19
701 2567 801 2602 quer.
827 2567 899 2601 qua
923 2555 1133 2591 auctoritate
1157 2555 1216 2590 uel
1240 2557 1317 2589 arte
1340 2553 1475 2598 OPpV.
1502 2573 1546 2577 —

138 2611 186 2646 20
208 2611 441 2656 nephandum
465 2611 530 2656 Pp.
543 2630 591 2636 —
604 2611 649 2646 ΞΩ
662 2610 891 2646 Exacuerunt
916 2610 986 2644 alle
1002 2610 1090 2645 Has.
1106 2628 1146 2634 -
1163 2609 1208 2643 23
1221 2607 1450 2643 intenderunt
1468 2633 1546 2642 .....

140 2667 357 2709 paraverunt
388 2665 432 2700 V.
458 2684 503 2691 —
527 2664 574 2699 25
599 2667 640 2699 ut
658 2691 667 2699 .
682 2691 690 2698 .
705 2690 714 2699 .
730 2667 815 2698 sunt
838 2663 929 2707 fehlt
954 2661 1087 2707 OPpV.
1112 2681 1158 2686 —
1186 2661 1233 2696 28
1257 2659 1437 2704 eompreh.
1466 2658 1546 2694 OV.

145 2736 184 2743 —
211 2718 254 2753 31
280 2717 415 2753 veneat
441 2717 582 2763 OPpV.
608 2737 652 2743 —
678 2717 724 2752 32
749 2716 837 2751 tanti
862 2716 954 2760 fehlt
981 2715 1056 2751 ΟΥ.
1083 2735 1127 2741 -
1153 2715 1199 2750 33
1224 2724 1265 2749 ac
1290 2713 1320 2749 si
1346 2713 1482 2757 LPpV.
