1800 2930
727 150 1028 190 2-105—

172 275 440 303 memorans
466 262 687 313 fixusque
714 262 963 302 manebat?
999 261 1177 302 Mercurii
1196 263 1324 312 etiam,
1344 263 1496 304 Semele
1515 262 1591 311 filii,

173 322 238 373 qui
266 335 290 362 a
317 321 429 363 uobis
462 321 647 362 mediator
682 321 844 361 deorum
878 326 916 361 et
943 321 1148 362 hominum
1186 321 1282 362 salso
1318 322 1484 363 creditus
1520 328 1592 372 est,

172 381 337 421 habetur
370 380 467 422 liber
493 380 559 432 qui
585 380 694 432 logos
720 379 830 420 telios
856 379 895 420 id
922 385 981 420 est
1008 381 1056 420 de
1083 381 1250 432 perfecto
1283 382 1403 422 uerbo
1439 382 1591 423 titulum

171 441 300 489 habet,
338 440 404 480 ubi
430 453 474 481 se
508 439 710 480 hominem
746 439 950 480 mortalem
978 445 1130 480 tantum
1157 445 1195 480 et
1228 454 1307 480 non
1335 441 1452 481 deum
1485 454 1592 494 aper·

172 499 318 540 tissime
345 499 468 552 prodit
494 511 708 550 uerumque
743 498 995 539 mediatorem
1031 498 1091 538 dei
1119 504 1157 539 et
1184 499 1389 540 hominum
1430 500 1495 540 filii
1530 498 1590 540 dei
1636 502 1663 541 5

169 558 327 598 Ihaeum
355 558 551 599 Christum
577 558 751 598 futurum
780 558 1021 609 pronuntiat:
1060 557 1106 597 ‘D
1117 558 1330 607 ominus’‚
1367 558 1503 610 inquit,
1533 560 1591 603 ‘et

171 618 379 658 omnium
407 617 561 658 factor
586 617 699 657 deus
727 617 986 657 secundum
1020 617 1132 657 fecit
1168 617 1415 658 dominum.
1469 618 1591 667 Quo-

171 676 294 717 niam
340 689 449 728 ergo
494 676 620 716 huno
663 675 776 716 fecit
815 676 1014 728 primum
1055 681 1099 716 et
1141 677 1294 716 solum
1344 682 1386 716 et
1428 689 1590 724 unum,

170 735 324 776 bonus
369 740 524 776 autem
565 734 606 776 ei
653 734 790 775 uisus
829 740 902 775 est
941 740 984 775 et
1022 735 1338 787 plenissimus
1385 735 1590 775 omnium

169 794 428 843 bonorum,
465 795 648 835 letatus
682 799 756 834 est
792 799 839 835 et
876 794 1017 834 ualde
1059 794 1237 834 dilexit
1280 794 1590 846 unigenitum
1613 801 1664 840 10

170 867 309 894 suum
345 867 483 906 quem
513 854 666 906 primo
693 854 868 894 factum
904 854 976 893 dei
1027 859 1253 905 tanquam
1290 853 1590 906 unigenitum

169 918 335 965 postea
382 913 655 965 appellauit.
711 913 806 964 Ego
847 918 1006 953 autem
1045 926 1137 953 non
1183 927 1282 952 sum
1328 913 1458 953 filius
1503 914 1589 954 dei.

167 972 381 1024 Itemque
422 972 550 1013 filius
590 972 827 1013 benedicti
869 973 941 1013 dei
978 978 1123 1023 atque
1167 973 1291 1013 bone
1328 973 1590 1013 uoluntatis

169 1030 306 1072 euius
335 1045 509 1073 nomen
539 1045 634 1072 non
662 1037 822 1084 potest
848 1032 1053 1072 humano
1081 1045 1159 1072 ore
1186 1032 1403 1072 narrari.³
1448 1032 1525 1073 Sed
1548 1037 1587 1073 et

168 1104 334 1143 magnus
372 1091 551 1132 Socrates
577 1091 742 1131 Athenis
789 1092 908 1132 altare
951 1091 1141 1132 edificauit
1180 1091 1333 1131 titulum
1372 1091 1588 1143 inponens:
1612 1095 1661 1135 15

167 1150 302 1202 Ignoto
330 1152 415 1192 deo.
469 1151 545 1200 Qui
573 1164 663 1191 cum
699 1152 816 1192 deum
843 1151 914 1191 oeli
950 1152 1193 1191 solummodo
1230 1151 1370 1191 coleret
1415 1151 1591 1203 idolaque

167 1223 240 1250 nee
267 1211 405 1251 saltem
432 1211 635 1251 nominare
662 1210 896 1263 dignaretur,
930 1224 953 1250 a
987 1210 1266 1262 quinquaginta
1301 1211 1473 1262 tyrannis
1521 1211 1590 1251 cir·

168 1275 400 1310 eumuentus
436 1283 522 1310 esse
556 1270 706 1322 legitur,
747 1270 813 1321 qui
840 1275 971 1310 tamen
998 1270 1080 1310 eius
1123 1270 1260 1310 fortem
1297 1270 1473 1310 animum
1518 1283 1589 1310 nec

168 1342 280 1381 prece
308 1342 381 1369 nec
407 1330 542 1381 pretio,
569 1330 638 1370 sed
665 1343 791 1381 neque
818 1330 935 1370 minis
964 1330 1013 1370 ad
1040 1330 1115 1370 hoc
1142 1329 1327 1370 inclinare
1369 1334 1589 1381 potuerunt,

167 1394 210 1429 ut
237 1390 299 1429 uel
326 1389 455 1429 Iouem
485 1394 551 1429 aut
578 1388 809 1429 Mercurium
845 1388 1055 1438 inuocaret,
1093 1390 1161 1429 sed
1197 1389 1274 1429 hoc
1305 1389 1464 1440 ydolum
1491 1402 1588 1438 esse,
1608 1390 1662 1430 20

166 1448 259 1488 illud
285 1453 502 1499 argentum,
541 1447 635 1488 illud
662 1461 802 1488 aurum
829 1453 895 1488 aut
931 1449 1080 1498 lignum
1116 1454 1183 1488 aut
1216 1447 1385 1500 lapidem
1424 1448 1587 1489 dicebat.

165 1507 278 1547 Vnde
296 1513 491 1559 postremo
507 1507 550 1547 in
568 1520 719 1548 mroere
746 1513 900 1559 potatus
918 1508 1041 1548 cicuta
1068 1521 1139 1559 pro
1165 1508 1241 1548 fide
1267 1521 1392 1558 quam
1413 1508 1454 1547 in
1473 1508 1589 1548 deum

165 1566 334 1607 habebat
359 1566 512 1607 interiit.
549 1567 593 1607 ln
616 1566 751 1619 Egipto
778 1567 895 1607 etiam
933 1567 1192 1618 antiquissimi
1214 1566 1589 1618 Heliopolitanorum

166 1625 365 1692 pontifices
392 1626 605 1677 uirgineam
638 1626 858 1678 ymaginem
886 1639 1050 1678 puerum
1075 1626 1165 1667 leuo
1200 1631 1404 1666 tenentem
1431 1625 1590 1666 brachio

165 1684 205 1725 in
235 1684 379 1737 templo
405 1698 478 1726 suo
505 1691 730 1737 posuerunt,
759 1686 834 1726 hoc
853 1685 1014 1752 posteris
1042 1686 1122 1726 suis
1140 1687 1277 1726 dantes
1306 1685 1391 1737 sign
1399 1698 1467 1725 um
1486 1686 1588 1736 quod
1607 1691 1660 1730 25

166 1750 261 1784 tunc
285 1744 399 1795 ydola
425 1744 549 1796 Egipti
575 1750 812 1793 corruerent,
847 1758 936 1785 cum
970 1745 1079 1796 uirgo
1107 1758 1183 1796 que
1219 1744 1343 1785 filium
1380 1743 1590 1796 peperisset

166 1803 259 1843 illud
286 1803 445 1844 intraret
472 1803 672 1871 templum:
725 1804 826 1844 Nato
853 1809 983 1844 autem
1011 1803 1164 1844 Christo
1202 1817 1293 1844 cum
1322 1803 1433 1855 uirgo
1466 1809 1589 1843 mater

166 1862 376 1911 Herodem,
416 1863 531 1903 ludee
557 1863 754 1915 prouineie
793 1876 936 1915 regem,
982 1876 1146 1915 puerum
1175 1863 1376 1903 uolentem
1417 1862 1588 1902 occidere

166 1921 317 1974 fugiens
343 1922 384 1962 in
412 1922 593 1974 Egiptum
629 1923 889 1963 descendisset
924 1923 1181 1974 intrassetque
1218 1922 1421 1974 templum,
1459 1923 1587 1961 statim

167 1981 280 2032 ydola
306 1981 446 2032 quibus
480 1982 639 2034 plenum
666 1988 748 2023 erat
785 1987 875 2023 ante
910 1982 993 2023 eius
1029 1982 1147 2034 pedes
1178 1986 1418 2022 corruerunt.
1473 1981 1586 2029 Quod
1604 1985 1659 2024 30

168 2039 343 2081 uidentes
379 2042 598 2082 sacerdotes
633 2041 889 2092 hominesque
928 2041 1093 2082 ciuitatis
1129 2041 1319 2109 uirginem
1346 2054 1391 2081 ac
1423 2053 1586 2107 puerum

167 2098 368 2151 diligenter
406 2100 534 2140 intuiti
570 2106 663 2141 sunt
690 2100 1055 2152 similitudinemque
1091 2114 1161 2141 sue
1198 2100 1371 2152 uirginee
1397 2099 1585 2151 ymaginis

168 2171 214 2199 ac
243 2158 351 2211 pueri
369 2159 410 2199 in
438 2160 534 2211 ipsis
552 2160 890 2212 deprehenderunt
908 2158 1365 2212 expressam.Vene1-ati
1385 2171 1476 2210 ergo
1494 2163 1586 2198 sunt

170 2218 362 2270 uirginem
388 2224 428 2258 et
454 2232 618 2271 puerum
646 2224 689 2259 ut
715 2220 831 2259 deum
858 2220 1131 2260 adorauerunt.
1187 2219 1265 2259 Sed
1292 2223 1329 2259 et
1348 2218 1472 2258 Rome
1490 2222 1584 2257 tem·

290 2372 372 2415 1114
395 2371 503 2408 Herc.
525 2371 667 2408 narrari
697 2372 787 2416 fehlt
819 2371 956 2417 OPpV.
987 2391 1030 2398 —
1061 2372 1085 2407 3
1109 2371 1318 2415 logostelios
1346 2372 1405 2406 die
1428 2371 1514 2406 Hae.
1539 2391 1584 2398 —

170 2425 191 2461 7
216 2425 241 2461 f.
258 2425 409 2461 deorum
433 2426 477 2461 L.
503 2444 549 2451 -
577 2426 616 2461 11
643 2428 819 2470 tanquam
843 2425 934 2469 fehlt
957 2425 1001 2468 L,
1024 2429 1200 2470 meam
1223 2426 1287 2459 mit
1302 2425 1352 2460 K.
1371 2424 1583 2460 —15Socr.

168 2478 405 2524 philosophus
433 2479 559 2524 OPpV
578 2499 625 2506 —
649 2489 790 2525 ponens
815 2478 951 2524 OspV.
977 2498 1024 2505 —
1048 2478 1096 2513 20
1118 2477 1323 2513 nominaret
1345 2478 1405 2513 die
1427 2478 1513 2512 Hes.
1539 2496 1582 2504 —

167 2532 212 2567 21
239 2532 381 2568 dicebat
406 2532 508 2567 Com’.
524 2532 606 2575 12⁶„
631 2532 765 2568 diceret
788 2532 847 2567 die
870 2533 958 2567 Has.
984 2551 1031 2558 --
1054 2532 1101 2567 22
1124 2530 1164 2566 in
1188 2541 1219 2566 c.
1236 2530 1374 2576 positus
1398 2530 1541 2576 cognita
1557 2529 1582 2565 f.

170 2583 311 2630 OPpV.
328 2605 374 2613 -
390 2585 437 2620 23
460 2585 786 2631 helyopounorum
803 2586 843 2627 0,
868 2585 1165 2630 elyopotanorum
1182 2585 1249 2629 Pp,
1274 2583 1583 2629 eliopoetanorum

234 2656 282 2664 —
298 2637 511 2683 uvirssinis
533 2649 606 2684 ym.
630 2639 731 2684 PpV
753 2658 798 2665 —
816 2638 993 2673 infantem
1018 2637 1041 2674 1.
1074 2638 1175 2672 V.-
1194 2637 1239 2672 27
1265 2636 1306 2672 N.
1331 2646 1419 2681 ergo.
1445 2635 1581 2680 OPpV.
