<?xml version="1.0" encoding="UTF-8"?>
<!DOCTYPE html PUBLIC "-//W3C//DTD XHTML 1.0 Transitional//EN"
    "http://www.w3.org/TR/xhtml1/DTD/xhtml1-transitional.dtd">
<html xmlns="http://www.w3.org/1999/xhtml" xml:lang="en" lang="en">
 <head>
  <title>
</title>
<meta http-equiv="Content-Type" content="text/html;charset=utf-8" />
  <meta name='ocr-system' content='tesseract 3.04.00' />
  <meta name='ocr-capabilities' content='ocr_page ocr_carea ocr_par ocr_line ocrx_word'/>
</head>
<body>
  <div class='ocr_page' id='page_1' title='image "./historiaseptemsa02hilkuoft_0081.png"; bbox 0 0 1800 2930; ppageno 0'>
   <div class='ocr_carea' id='block_1_1' title="bbox 731 159 1003 199">
    <p class='ocr_par' dir='ltr' id='par_1_1' title="bbox 731 159 1003 199">
     <span class='ocr_line' id='line_1_1' title="bbox 731 159 1003 199; baseline 0.004 -10"><span class='ocrx_word' id='word_1_1' title='bbox 731 159 1003 199; x_wconf 70' lang='grc'>-63-</span> 
     </span>
    </p>
   </div>
   <div class='ocr_carea' id='block_1_2' title="bbox 162 272 1575 503">
    <p class='ocr_par' dir='ltr' id='par_1_2' title="bbox 162 272 1575 503">
     <span class='ocr_line' id='line_1_2' title="bbox 162 272 1575 329; baseline 0.004 -17"><span class='ocrx_word' id='word_1_2' title='bbox 162 272 307 313; x_wconf 89' lang='lat' dir='ltr'>etenim</span> <span class='ocrx_word' id='word_1_3' title='bbox 333 272 394 313; x_wconf 83' lang='lat' dir='ltr'>ius</span> <span class='ocrx_word' id='word_1_4' title='bbox 421 285 552 313; x_wconf 92' lang='lat' dir='ltr'>meum</span> <span class='ocrx_word' id='word_1_5' title='bbox 579 277 638 313; x_wconf 87' lang='lat' dir='ltr'>est</span> <span class='ocrx_word' id='word_1_6' title='bbox 675 273 825 324; x_wconf 85' lang='lat' dir='ltr'>taleque</span> <span class='ocrx_word' id='word_1_7' title='bbox 853 273 1039 314; x_wconf 87' lang='lat' dir='ltr'>tributum</span> <span class='ocrx_word' id='word_1_8' title='bbox 1067 274 1221 326; x_wconf 77' lang='lat' dir='ltr'>regibus</span> <span class='ocrx_word' id='word_1_9' title='bbox 1258 289 1302 315; x_wconf 88' lang='lat' dir='ltr'>ac</span> <span class='ocrx_word' id='word_1_10' title='bbox 1338 276 1575 329; x_wconf 87' lang='lat' dir='ltr'>principibus</span> 
     </span>
     <span class='ocr_line' id='line_1_3' title="bbox 163 332 1574 387; baseline 0.003 -15"><span class='ocrx_word' id='word_1_11' title='bbox 163 333 314 372; x_wconf 90' lang='lat' dir='ltr'>soluere</span> <span class='ocrx_word' id='word_1_12' title='bbox 354 337 499 373; x_wconf 91' lang='lat' dir='ltr'>teneor.</span> <span class='ocrx_word' id='word_1_13' title='bbox 555 332 638 372; x_wconf 83' lang='lat' dir='ltr'>Rex</span> <span class='ocrx_word' id='word_1_14' title='bbox 676 337 804 372; x_wconf 88' lang='lat' dir='ltr'>autem</span> <span class='ocrx_word' id='word_1_15' title='bbox 840 346 929 373; x_wconf 89' lang='lat' dir='ltr'>cum</span> <span class='ocrx_word' id='word_1_16' title='bbox 957 347 1101 386; x_wconf 79' lang='lat' dir='ltr'>magna</span> <span class='ocrx_word' id='word_1_17' title='bbox 1136 334 1315 375; x_wconf 87' lang='lat' dir='ltr'>auiditate</span> <span class='ocrx_word' id='word_1_18' title='bbox 1354 337 1574 387; x_wconf 84' lang='lat' dir='ltr'>exemplum</span> 
     </span>
     <span class='ocr_line' id='line_1_4' title="bbox 162 391 1573 447; baseline 0.004 -16"><span class='ocrx_word' id='word_1_19' title='bbox 162 391 346 443; x_wconf 83' lang='lat' dir='ltr'>sapientis</span> <span class='ocrx_word' id='word_1_20' title='bbox 373 396 580 443; x_wconf 83' lang='lat' dir='ltr'>expectans</span> <span class='ocrx_word' id='word_1_21' title='bbox 614 392 763 432; x_wconf 88' lang='lat' dir='ltr'>cunctis</span> <span class='ocrx_word' id='word_1_22' title='bbox 791 392 877 432; x_wconf 89' lang='lat' dir='ltr'>ilico</span> <span class='ocrx_word' id='word_1_23' title='bbox 904 393 1098 433; x_wconf 89' lang='lat' dir='ltr'>silentium</span> <span class='ocrx_word' id='word_1_24' title='bbox 1135 393 1310 446; x_wconf 80' lang='lat' dir='ltr'>imponit,</span> <span class='ocrx_word' id='word_1_25' title='bbox 1348 400 1385 435; x_wconf 91' lang='lat' dir='ltr'>et</span> <span class='ocrx_word' id='word_1_26' title='bbox 1419 395 1573 447; x_wconf 88' lang='lat' dir='ltr'>sapiens</span> 
     </span>
     <span class='ocr_line' id='line_1_5' title="bbox 162 450 865 503; baseline 0 -12"><span class='ocrx_word' id='word_1_27' title='bbox 162 464 257 491; x_wconf 88' lang='lat' dir='ltr'>uoce</span> <span class='ocrx_word' id='word_1_28' title='bbox 284 456 397 491; x_wconf 88' lang='lat' dir='ltr'>utens</span> <span class='ocrx_word' id='word_1_29' title='bbox 424 450 608 491; x_wconf 88' lang='lat' dir='ltr'>mediocri</span> <span class='ocrx_word' id='word_1_30' title='bbox 635 450 690 491; x_wconf 90' lang='lat' dir='ltr'>sic</span> <span class='ocrx_word' id='word_1_31' title='bbox 717 450 865 503; x_wconf 86' lang='lat' dir='ltr'>incipit:</span> 
     </span>
    </p>
   </div>
   <div class='ocr_carea' id='block_1_3' title="bbox 361 590 1362 649">
    <p class='ocr_par' dir='ltr' id='par_1_3' title="bbox 361 590 1362 649">
     <span class='ocr_line' id='line_1_6' title="bbox 361 590 1362 649; baseline 0.004 -13"><span class='ocrx_word' id='word_1_32' title='bbox 361 591 597 649; x_wconf 63' lang='lat' dir='ltr'>[Historiis</span> <span class='ocrx_word' id='word_1_33' title='bbox 627 591 791 647; x_wconf 70' lang='lat' dir='ltr'>quarti</span> <span class='ocrx_word' id='word_1_34' title='bbox 821 591 1077 648; x_wconf 74' lang='lat' dir='ltr'>sapientis:</span> <span class='ocrx_word' id='word_1_35' title='bbox 1108 590 1362 649; x_wconf 65' lang='lat' dir='ltr'>creditor]</span> 
     </span>
    </p>
   </div>
   <div class='ocr_carea' id='block_1_4' title="bbox 145 679 1645 2100">
    <p class='ocr_par' dir='ltr' id='par_1_4' title="bbox 145 679 1645 2100">
     <span class='ocr_line' id='line_1_7' title="bbox 157 679 1644 768; baseline 0.003 -49"><span class='ocrx_word' id='word_1_36' title='bbox 157 679 273 768; x_wconf 79' lang='lat' dir='ltr'>Fuit</span> <span class='ocrx_word' id='word_1_37' title='bbox 300 681 495 731; x_wconf 86' lang='lat' dir='ltr'>quondam</span> <span class='ocrx_word' id='word_1_38' title='bbox 524 680 662 721; x_wconf 90' lang='lat' dir='ltr'>nobilis</span> <span class='ocrx_word' id='word_1_39' title='bbox 691 681 751 720; x_wconf 89' lang='lat' dir='ltr'>uir</span> <span class='ocrx_word' id='word_1_40' title='bbox 779 686 815 721; x_wconf 88' lang='lat' dir='ltr'>et</span> <span class='ocrx_word' id='word_1_41' title='bbox 843 686 993 733; x_wconf 83' lang='lat' dir='ltr'>potens,</span> <span class='ocrx_word' id='word_1_42' title='bbox 1031 682 1231 722; x_wconf 89' lang='lat' dir='ltr'>castellum</span> <span class='ocrx_word' id='word_1_43' title='bbox 1266 682 1571 723; x_wconf 88' lang='lat' dir='ltr'>munitissimum</span> <span class='ocrx_word' id='word_1_44' title='bbox 1616 689 1644 728; x_wconf 86' lang='lat'>5</span> 
     </span>
     <span class='ocr_line' id='line_1_8' title="bbox 242 739 1571 792; baseline 0.002 -13"><span class='ocrx_word' id='word_1_45' title='bbox 242 739 413 791; x_wconf 85' lang='lat' dir='ltr'>aliasque</span> <span class='ocrx_word' id='word_1_46' title='bbox 450 740 591 780; x_wconf 89' lang='lat' dir='ltr'>multas</span> <span class='ocrx_word' id='word_1_47' title='bbox 628 741 893 792; x_wconf 89' lang='lat' dir='ltr'>possessiones</span> <span class='ocrx_word' id='word_1_48' title='bbox 926 741 1089 781; x_wconf 88' lang='lat' dir='ltr'>habens.</span> <span class='ocrx_word' id='word_1_49' title='bbox 1155 741 1255 781; x_wconf 90' lang='lat' dir='ltr'>Huic</span> <span class='ocrx_word' id='word_1_50' title='bbox 1293 741 1370 781; x_wconf 85' lang='lat' dir='ltr'>filia</span> <span class='ocrx_word' id='word_1_51' title='bbox 1406 743 1488 782; x_wconf 88' lang='lat' dir='ltr'>sola</span> <span class='ocrx_word' id='word_1_52' title='bbox 1523 755 1571 782; x_wconf 86' lang='lat' dir='ltr'>ex</span> 
     </span>
     <span class='ocr_line' id='line_1_9' title="bbox 158 799 1571 852; baseline 0.002 -14"><span class='ocrx_word' id='word_1_53' title='bbox 158 812 278 839; x_wconf 82' lang='lat' dir='ltr'>uxore</span> <span class='ocrx_word' id='word_1_54' title='bbox 304 799 435 839; x_wconf 89' lang='lat' dir='ltr'>relicta</span> <span class='ocrx_word' id='word_1_55' title='bbox 468 799 601 839; x_wconf 85' lang='lat' dir='ltr'>fuerat.</span> <span class='ocrx_word' id='word_1_56' title='bbox 659 800 787 849; x_wconf 86' lang='lat' dir='ltr'>Quam</span> <span class='ocrx_word' id='word_1_57' title='bbox 815 799 909 852; x_wconf 85' lang='lat' dir='ltr'>ipse,</span> <span class='ocrx_word' id='word_1_58' title='bbox 951 813 1039 840; x_wconf 91' lang='lat' dir='ltr'>cum</span> <span class='ocrx_word' id='word_1_59' title='bbox 1069 801 1218 841; x_wconf 91' lang='lat' dir='ltr'>nullum</span> <span class='ocrx_word' id='word_1_60' title='bbox 1255 800 1374 841; x_wconf 86' lang='lat' dir='ltr'>alium</span> <span class='ocrx_word' id='word_1_61' title='bbox 1411 802 1571 841; x_wconf 90' lang='lat' dir='ltr'>haberet</span> 
     </span>
     <span class='ocr_line' id='line_1_10' title="bbox 155 858 1570 911; baseline 0.002 -14"><span class='ocrx_word' id='word_1_62' title='bbox 155 858 350 906; x_wconf 81' lang='lat' dir='ltr'>heredem,</span> <span class='ocrx_word' id='word_1_63' title='bbox 383 858 603 899; x_wconf 84' lang='lat' dir='ltr'>liberalibus</span> <span class='ocrx_word' id='word_1_64' title='bbox 632 859 780 899; x_wconf 89' lang='lat' dir='ltr'>artibus</span> <span class='ocrx_word' id='word_1_65' title='bbox 814 859 984 899; x_wconf 91' lang='lat' dir='ltr'>decreuit</span> <span class='ocrx_word' id='word_1_66' title='bbox 1011 860 1274 909; x_wconf 85' lang='lat' dir='ltr'>imbuendam,</span> <span class='ocrx_word' id='word_1_67' title='bbox 1312 860 1494 911; x_wconf 83' lang='lat' dir='ltr'>quatinus</span> <span class='ocrx_word' id='word_1_68' title='bbox 1523 874 1570 901; x_wconf 83' lang='lat' dir='ltr'>ex</span> 
     </span>
     <span class='ocr_line' id='line_1_11' title="bbox 155 917 1570 971; baseline 0.001 -14"><span class='ocrx_word' id='word_1_69' title='bbox 155 917 295 957; x_wconf 81' lang='lat' dir='ltr'>artium</span> <span class='ocrx_word' id='word_1_70' title='bbox 323 917 524 970; x_wconf 84' lang='lat' dir='ltr'>disciplina</span> <span class='ocrx_word' id='word_1_71' title='bbox 543 918 940 970; x_wconf 86' lang='lat' dir='ltr'>philosophorumque</span> <span class='ocrx_word' id='word_1_72' title='bbox 958 919 1066 959; x_wconf 89' lang='lat' dir='ltr'>libris</span> <span class='ocrx_word' id='word_1_73' title='bbox 1086 919 1315 971; x_wconf 81' lang='lat' dir='ltr'>sapientiam</span> <span class='ocrx_word' id='word_1_74' title='bbox 1342 933 1417 971; x_wconf 92' lang='lat' dir='ltr'>que</span> <span class='ocrx_word' id='word_1_75' title='bbox 1434 920 1570 960; x_wconf 89' lang='lat' dir='ltr'>melior</span> 
     </span>
     <span class='ocr_line' id='line_1_12' title="bbox 155 976 1645 1030; baseline 0.002 -14"><span class='ocrx_word' id='word_1_76' title='bbox 155 982 214 1016; x_wconf 88' lang='lat' dir='ltr'>est</span> <span class='ocrx_word' id='word_1_77' title='bbox 239 976 462 1017; x_wconf 81' lang='lat' dir='ltr'>fortitudine</span> <span class='ocrx_word' id='word_1_78' title='bbox 489 983 693 1026; x_wconf 88' lang='lat' dir='ltr'>mutuaret,</span> <span class='ocrx_word' id='word_1_79' title='bbox 723 992 790 1030; x_wconf 92' lang='lat' dir='ltr'>per</span> <span class='ocrx_word' id='word_1_80' title='bbox 810 992 926 1029; x_wconf 89' lang='lat' dir='ltr'>quam</span> <span class='ocrx_word' id='word_1_81' title='bbox 956 984 1156 1030; x_wconf 88' lang='lat' dir='ltr'>paternam</span> <span class='ocrx_word' id='word_1_82' title='bbox 1177 978 1290 1019; x_wconf 85' lang='lat' dir='ltr'>sciret</span> <span class='ocrx_word' id='word_1_83' title='bbox 1317 979 1568 1019; x_wconf 77' lang='lat' dir='ltr'>hereditatem</span> <span class='ocrx_word' id='word_1_84' title='bbox 1591 985 1645 1024; x_wconf 83' lang='lat'>10</span> 
     </span>
     <span class='ocr_line' id='line_1_13' title="bbox 154 1036 1569 1088; baseline 0.002 -12"><span class='ocrx_word' id='word_1_85' title='bbox 154 1036 263 1085; x_wconf 88' lang='lat' dir='ltr'>tueri,</span> <span class='ocrx_word' id='word_1_86' title='bbox 306 1038 408 1088; x_wconf 91' lang='lat' dir='ltr'>quod</span> <span class='ocrx_word' id='word_1_87' title='bbox 448 1050 563 1088; x_wconf 88' lang='lat' dir='ltr'>posse</span> <span class='ocrx_word' id='word_1_88' title='bbox 603 1037 721 1077; x_wconf 88' lang='lat' dir='ltr'>armis</span> <span class='ocrx_word' id='word_1_89' title='bbox 764 1043 830 1078; x_wconf 91' lang='lat' dir='ltr'>aut</span> <span class='ocrx_word' id='word_1_90' title='bbox 869 1038 1017 1078; x_wconf 88' lang='lat' dir='ltr'>uiribus</span> <span class='ocrx_word' id='word_1_91' title='bbox 1059 1038 1093 1078; x_wconf 88' lang='lat' dir='ltr'>ei</span> <span class='ocrx_word' id='word_1_92' title='bbox 1130 1039 1328 1078; x_wconf 90' lang='lat' dir='ltr'>muliebris</span> <span class='ocrx_word' id='word_1_93' title='bbox 1365 1039 1569 1079; x_wconf 89' lang='lat' dir='ltr'>infirmitas</span> 
     </span>
     <span class='ocr_line' id='line_1_14' title="bbox 153 1096 1568 1149; baseline 0.002 -14"><span class='ocrx_word' id='word_1_94' title='bbox 153 1096 371 1148; x_wconf 84' lang='lat' dir='ltr'>denegarat.</span> <span class='ocrx_word' id='word_1_95' title='bbox 409 1096 490 1136; x_wconf 93' lang='lat' dir='ltr'>Nec</span> <span class='ocrx_word' id='word_1_96' title='bbox 517 1097 644 1137; x_wconf 83' lang='lat' dir='ltr'>fefellit</span> <span class='ocrx_word' id='word_1_97' title='bbox 665 1111 754 1137; x_wconf 90' lang='lat' dir='ltr'>eum</span> <span class='ocrx_word' id='word_1_98' title='bbox 784 1098 823 1137; x_wconf 91' lang='lat' dir='ltr'>in</span> <span class='ocrx_word' id='word_1_99' title='bbox 853 1099 927 1137; x_wconf 90' lang='lat' dir='ltr'>hoc</span> <span class='ocrx_word' id='word_1_100' title='bbox 955 1111 1043 1149; x_wconf 87' lang='lat' dir='ltr'>spes</span> <span class='ocrx_word' id='word_1_101' title='bbox 1064 1111 1145 1137; x_wconf 91' lang='lat' dir='ltr'>sua.</span> <span class='ocrx_word' id='word_1_102' title='bbox 1184 1098 1350 1138; x_wconf 83' lang='lat' dir='ltr'>Tantam</span> <span class='ocrx_word' id='word_1_103' title='bbox 1380 1098 1568 1149; x_wconf 88' lang='lat' dir='ltr'>siquidem</span> 
     </span>
     <span class='ocr_line' id='line_1_15' title="bbox 151 1155 1568 1209; baseline 0.002 -14"><span class='ocrx_word' id='word_1_104' title='bbox 151 1155 215 1195; x_wconf 88' lang='lat' dir='ltr'>illa</span> <span class='ocrx_word' id='word_1_105' title='bbox 241 1156 442 1196; x_wconf 88' lang='lat' dir='ltr'>scientiam</span> <span class='ocrx_word' id='word_1_106' title='bbox 461 1156 788 1207; x_wconf 81' lang='lat' dir='ltr'>subtilitatemque</span> <span class='ocrx_word' id='word_1_107' title='bbox 807 1170 854 1196; x_wconf 88' lang='lat' dir='ltr'>ex</span> <span class='ocrx_word' id='word_1_108' title='bbox 874 1157 1021 1196; x_wconf 85' lang='lat' dir='ltr'>artibus</span> <span class='ocrx_word' id='word_1_109' title='bbox 1041 1157 1290 1209; x_wconf 78' lang='lat' dir='ltr'>comparauit,</span> <span class='ocrx_word' id='word_1_110' title='bbox 1319 1162 1361 1197; x_wconf 92' lang='lat' dir='ltr'>ut</span> <span class='ocrx_word' id='word_1_111' title='bbox 1379 1158 1568 1209; x_wconf 83' lang='lat' dir='ltr'>magicam</span> 
     </span>
     <span class='ocr_line' id='line_1_16' title="bbox 153 1215 1568 1268; baseline 0.001 -13"><span class='ocrx_word' id='word_1_112' title='bbox 153 1227 306 1266; x_wconf 86' lang='lat' dir='ltr'>quoque</span> <span class='ocrx_word' id='word_1_113' title='bbox 340 1221 463 1255; x_wconf 89' lang='lat' dir='ltr'>artem</span> <span class='ocrx_word' id='word_1_114' title='bbox 492 1215 597 1255; x_wconf 91' lang='lat' dir='ltr'>nullo</span> <span class='ocrx_word' id='word_1_115' title='bbox 637 1229 679 1256; x_wconf 89' lang='lat' dir='ltr'>se</span> <span class='ocrx_word' id='word_1_116' title='bbox 707 1217 869 1256; x_wconf 89' lang='lat' dir='ltr'>docente</span> <span class='ocrx_word' id='word_1_117' title='bbox 904 1217 1088 1267; x_wconf 84' lang='lat' dir='ltr'>magistro</span> <span class='ocrx_word' id='word_1_118' title='bbox 1124 1217 1345 1268; x_wconf 88' lang='lat' dir='ltr'>perciperet.</span> <span class='ocrx_word' id='word_1_119' title='bbox 1402 1217 1568 1268; x_wconf 81' lang='lat' dir='ltr'>Contigit</span> 
     </span>
     <span class='ocr_line' id='line_1_17' title="bbox 151 1275 1640 1327; baseline 0.001 -13"><span class='ocrx_word' id='word_1_120' title='bbox 151 1279 280 1314; x_wconf 91' lang='lat' dir='ltr'>autem</span> <span class='ocrx_word' id='word_1_121' title='bbox 308 1280 395 1326; x_wconf 87' lang='lat' dir='ltr'>post</span> <span class='ocrx_word' id='word_1_122' title='bbox 422 1275 494 1315; x_wconf 89' lang='lat' dir='ltr'>hec</span> <span class='ocrx_word' id='word_1_123' title='bbox 522 1280 671 1327; x_wconf 87' lang='lat' dir='ltr'>patrem</span> <span class='ocrx_word' id='word_1_124' title='bbox 699 1275 782 1315; x_wconf 92' lang='lat' dir='ltr'>eius</span> <span class='ocrx_word' id='word_1_125' title='bbox 819 1276 924 1315; x_wconf 87' lang='lat' dir='ltr'>febre</span> <span class='ocrx_word' id='word_1_126' title='bbox 952 1281 1065 1316; x_wconf 90' lang='lat' dir='ltr'>acuta</span> <span class='ocrx_word' id='word_1_127' title='bbox 1093 1282 1311 1327; x_wconf 90' lang='lat' dir='ltr'>correptum</span> <span class='ocrx_word' id='word_1_128' title='bbox 1348 1276 1388 1315; x_wconf 91' lang='lat' dir='ltr'>in</span> <span class='ocrx_word' id='word_1_129' title='bbox 1425 1277 1566 1316; x_wconf 91' lang='lat' dir='ltr'>lectum</span> <span class='ocrx_word' id='word_1_130' title='bbox 1590 1282 1640 1321; x_wconf 83' lang='lat'>15</span> 
     </span>
     <span class='ocr_line' id='line_1_18' title="bbox 150 1334 1566 1387; baseline 0.001 -14"><span class='ocrx_word' id='word_1_131' title='bbox 150 1334 337 1375; x_wconf 87' lang='lat' dir='ltr'>decidere.</span> <span class='ocrx_word' id='word_1_132' title='bbox 392 1334 467 1383; x_wconf 89' lang='lat' dir='ltr'>Qui</span> <span class='ocrx_word' id='word_1_133' title='bbox 503 1334 766 1375; x_wconf 88' lang='lat' dir='ltr'>infirmitatem</span> <span class='ocrx_word' id='word_1_134' title='bbox 806 1349 848 1375; x_wconf 92' lang='lat' dir='ltr'>se</span> <span class='ocrx_word' id='word_1_135' title='bbox 885 1337 1050 1375; x_wconf 89' lang='lat' dir='ltr'>euadere</span> <span class='ocrx_word' id='word_1_136' title='bbox 1087 1349 1167 1375; x_wconf 91' lang='lat' dir='ltr'>non</span> <span class='ocrx_word' id='word_1_137' title='bbox 1205 1348 1318 1387; x_wconf 90' lang='lat' dir='ltr'>posse</span> <span class='ocrx_word' id='word_1_138' title='bbox 1351 1335 1566 1387; x_wconf 87' lang='lat' dir='ltr'>intelligens</span> 
     </span>
     <span class='ocr_line' id='line_1_19' title="bbox 150 1393 1566 1446; baseline 0.001 -12"><span class='ocrx_word' id='word_1_139' title='bbox 150 1393 268 1434; x_wconf 83' lang='lat' dir='ltr'>filiam</span> <span class='ocrx_word' id='word_1_140' title='bbox 295 1407 343 1434; x_wconf 81' lang='lat' dir='ltr'>ex</span> <span class='ocrx_word' id='word_1_141' title='bbox 371 1399 601 1434; x_wconf 86' lang='lat' dir='ltr'>testamento</span> <span class='ocrx_word' id='word_1_142' title='bbox 629 1395 806 1434; x_wconf 87' lang='lat' dir='ltr'>omnium</span> <span class='ocrx_word' id='word_1_143' title='bbox 834 1396 1026 1434; x_wconf 90' lang='lat' dir='ltr'>bonorum</span> <span class='ocrx_word' id='word_1_144' title='bbox 1046 1408 1206 1434; x_wconf 90' lang='lat' dir='ltr'>suorum</span> <span class='ocrx_word' id='word_1_145' title='bbox 1226 1394 1440 1446; x_wconf 84' lang='lat' dir='ltr'>designauit</span> <span class='ocrx_word' id='word_1_146' title='bbox 1458 1395 1566 1435; x_wconf 91' lang='lat' dir='ltr'>here·</span> 
     </span>
     <span class='ocr_line' id='line_1_20' title="bbox 150 1453 1566 1505; baseline 0.001 -12"><span class='ocrx_word' id='word_1_147' title='bbox 150 1453 238 1493; x_wconf 91' lang='lat' dir='ltr'>dem</span> <span class='ocrx_word' id='word_1_148' title='bbox 280 1453 411 1505; x_wconf 90' lang='lat' dir='ltr'>sicque</span> <span class='ocrx_word' id='word_1_149' title='bbox 451 1454 635 1494; x_wconf 89' lang='lat' dir='ltr'>ordinatis</span> <span class='ocrx_word' id='word_1_150' title='bbox 672 1455 791 1494; x_wconf 92' lang='lat' dir='ltr'>rebus</span> <span class='ocrx_word' id='word_1_151' title='bbox 829 1454 909 1494; x_wconf 92' lang='lat' dir='ltr'>suis</span> <span class='ocrx_word' id='word_1_152' title='bbox 947 1454 1150 1494; x_wconf 83' lang='lat' dir='ltr'>defunctus</span> <span class='ocrx_word' id='word_1_153' title='bbox 1188 1459 1258 1494; x_wconf 86' lang='lat' dir='ltr'>est.</span> <span class='ocrx_word' id='word_1_154' title='bbox 1314 1455 1445 1494; x_wconf 90' lang='lat' dir='ltr'>Puella</span> <span class='ocrx_word' id='word_1_155' title='bbox 1472 1468 1566 1494; x_wconf 94' lang='lat' dir='ltr'>uero</span> 
     </span>
     <span class='ocr_line' id='line_1_21' title="bbox 147 1512 1565 1565; baseline 0 -13"><span class='ocrx_word' id='word_1_156' title='bbox 147 1512 359 1553; x_wconf 86' lang='lat' dir='ltr'>hereditate</span> <span class='ocrx_word' id='word_1_157' title='bbox 387 1514 505 1565; x_wconf 85' lang='lat' dir='ltr'>patris</span> <span class='ocrx_word' id='word_1_158' title='bbox 533 1514 652 1565; x_wconf 87' lang='lat' dir='ltr'>potita</span> <span class='ocrx_word' id='word_1_159' title='bbox 680 1513 848 1553; x_wconf 86' lang='lat' dir='ltr'>firmauit</span> <span class='ocrx_word' id='word_1_160' title='bbox 877 1514 916 1552; x_wconf 92' lang='lat' dir='ltr'>in</span> <span class='ocrx_word' id='word_1_161' title='bbox 946 1513 1076 1553; x_wconf 89' lang='lat' dir='ltr'>animo</span> <span class='ocrx_word' id='word_1_162' title='bbox 1105 1513 1256 1553; x_wconf 91' lang='lat' dir='ltr'>nullum</span> <span class='ocrx_word' id='word_1_163' title='bbox 1293 1527 1335 1553; x_wconf 90' lang='lat' dir='ltr'>se</span> <span class='ocrx_word' id='word_1_164' title='bbox 1363 1515 1565 1553; x_wconf 89' lang='lat' dir='ltr'>ducturam</span> 
     </span>
     <span class='ocr_line' id='line_1_22' title="bbox 149 1571 1641 1624; baseline 0 -12"><span class='ocrx_word' id='word_1_165' title='bbox 149 1571 291 1620; x_wconf 81' lang='lat' dir='ltr'>uirum,</span> <span class='ocrx_word' id='word_1_166' title='bbox 319 1572 392 1612; x_wconf 90' lang='lat' dir='ltr'>nisi</span> <span class='ocrx_word' id='word_1_167' title='bbox 412 1586 527 1623; x_wconf 87' lang='lat' dir='ltr'>quem</span> <span class='ocrx_word' id='word_1_168' title='bbox 556 1573 629 1612; x_wconf 89' lang='lat' dir='ltr'>sibi</span> <span class='ocrx_word' id='word_1_169' title='bbox 657 1578 694 1612; x_wconf 91' lang='lat' dir='ltr'>et</span> <span class='ocrx_word' id='word_1_170' title='bbox 712 1572 901 1624; x_wconf 88' lang='lat' dir='ltr'>sapientia</span> <span class='ocrx_word' id='word_1_171' title='bbox 919 1578 956 1612; x_wconf 93' lang='lat' dir='ltr'>et</span> <span class='ocrx_word' id='word_1_172' title='bbox 975 1572 1126 1624; x_wconf 88' lang='lat' dir='ltr'>generis</span> <span class='ocrx_word' id='word_1_173' title='bbox 1146 1572 1326 1612; x_wconf 86' lang='lat' dir='ltr'>nobilitas</span> <span class='ocrx_word' id='word_1_174' title='bbox 1345 1573 1563 1623; x_wconf 89' lang='lat' dir='ltr'>adequaret.</span> <span class='ocrx_word' id='word_1_175' title='bbox 1584 1578 1641 1617; x_wconf 73' lang='lat'>20</span> 
     </span>
     <span class='ocr_line' id='line_1_23' title="bbox 148 1631 1563 1684; baseline 0.001 -13"><span class='ocrx_word' id='word_1_176' title='bbox 148 1631 366 1671; x_wconf 87' lang='lat' dir='ltr'>Ueniebant</span> <span class='ocrx_word' id='word_1_177' title='bbox 392 1638 521 1672; x_wconf 88' lang='lat' dir='ltr'>autem</span> <span class='ocrx_word' id='word_1_178' title='bbox 549 1633 597 1672; x_wconf 91' lang='lat' dir='ltr'>ad</span> <span class='ocrx_word' id='word_1_179' title='bbox 626 1645 712 1672; x_wconf 86' lang='lat' dir='ltr'>eam</span> <span class='ocrx_word' id='word_1_180' title='bbox 741 1646 857 1683; x_wconf 87' lang='lat' dir='ltr'>quam</span> <span class='ocrx_word' id='word_1_181' title='bbox 886 1633 1040 1684; x_wconf 87' lang='lat' dir='ltr'>plurimi</span> <span class='ocrx_word' id='word_1_182' title='bbox 1060 1632 1248 1672; x_wconf 90' lang='lat' dir='ltr'>nobilium</span> <span class='ocrx_word' id='word_1_183' title='bbox 1278 1632 1355 1680; x_wconf 80' lang='lat' dir='ltr'>filii,</span> <span class='ocrx_word' id='word_1_184' title='bbox 1385 1645 1454 1672; x_wconf 89' lang='lat' dir='ltr'>seu</span> <span class='ocrx_word' id='word_1_185' title='bbox 1481 1632 1563 1672; x_wconf 91' lang='lat' dir='ltr'>eius</span> 
     </span>
     <span class='ocr_line' id='line_1_24' title="bbox 148 1691 1562 1743; baseline 0 -13"><span class='ocrx_word' id='word_1_186' title='bbox 148 1691 431 1742; x_wconf 89' lang='lat' dir='ltr'>pulchritudine</span> <span class='ocrx_word' id='word_1_187' title='bbox 445 1705 514 1731; x_wconf 91' lang='lat' dir='ltr'>seu</span> <span class='ocrx_word' id='word_1_188' title='bbox 533 1691 774 1731; x_wconf 83' lang='lat' dir='ltr'>facultatibus</span> <span class='ocrx_word' id='word_1_189' title='bbox 790 1692 900 1743; x_wconf 87' lang='lat' dir='ltr'>capti.</span> <span class='ocrx_word' id='word_1_190' title='bbox 932 1691 1196 1732; x_wconf 87' lang='lat' dir='ltr'>Sollicitabant</span> <span class='ocrx_word' id='word_1_191' title='bbox 1210 1705 1296 1731; x_wconf 91' lang='lat' dir='ltr'>eam</span> <span class='ocrx_word' id='word_1_192' title='bbox 1311 1692 1358 1731; x_wconf 92' lang='lat' dir='ltr'>de</span> <span class='ocrx_word' id='word_1_193' title='bbox 1373 1691 1562 1743; x_wconf 82' lang='lat' dir='ltr'>coniugio,</span> 
     </span>
     <span class='ocr_line' id='line_1_25' title="bbox 147 1750 1562 1803; baseline 0 -13"><span class='ocrx_word' id='word_1_194' title='bbox 147 1751 354 1802; x_wconf 84' lang='lat' dir='ltr'>pulsabant</span> <span class='ocrx_word' id='word_1_195' title='bbox 381 1751 571 1803; x_wconf 81' lang='lat' dir='ltr'>precibus,</span> <span class='ocrx_word' id='word_1_196' title='bbox 606 1751 835 1791; x_wconf 87' lang='lat' dir='ltr'>muneribus</span> <span class='ocrx_word' id='word_1_197' title='bbox 869 1751 1128 1799; x_wconf 85' lang='lat' dir='ltr'>attrahebant,</span> <span class='ocrx_word' id='word_1_198' title='bbox 1166 1752 1369 1791; x_wconf 78' lang='lat' dir='ltr'>offerentes</span> <span class='ocrx_word' id='word_1_199' title='bbox 1406 1750 1562 1801; x_wconf 86' lang='lat' dir='ltr'>quidem</span> 
     </span>
     <span class='ocr_line' id='line_1_26' title="bbox 147 1809 1561 1862; baseline -0.001 -12"><span class='ocrx_word' id='word_1_200' title='bbox 147 1809 312 1861; x_wconf 89' lang='lat' dir='ltr'>plurima</span> <span class='ocrx_word' id='word_1_201' title='bbox 330 1816 367 1850; x_wconf 88' lang='lat' dir='ltr'>et</span> <span class='ocrx_word' id='word_1_202' title='bbox 386 1811 507 1850; x_wconf 87' lang='lat' dir='ltr'>multa</span> <span class='ocrx_word' id='word_1_203' title='bbox 525 1810 805 1862; x_wconf 88' lang='lat' dir='ltr'>promittentes.</span> <span class='ocrx_word' id='word_1_204' title='bbox 860 1810 912 1850; x_wconf 86' lang='lat' dir='ltr'>At</span> <span class='ocrx_word' id='word_1_205' title='bbox 930 1811 1003 1859; x_wconf 87' lang='lat' dir='ltr'>illa,</span> <span class='ocrx_word' id='word_1_206' title='bbox 1033 1816 1074 1850; x_wconf 92' lang='lat' dir='ltr'>ut</span> <span class='ocrx_word' id='word_1_207' title='bbox 1093 1815 1174 1850; x_wconf 87' lang='lat' dir='ltr'>erat</span> <span class='ocrx_word' id='word_1_208' title='bbox 1202 1810 1401 1862; x_wconf 89' lang='lat' dir='ltr'>prudentis</span> <span class='ocrx_word' id='word_1_209' title='bbox 1428 1810 1561 1859; x_wconf 81' lang='lat' dir='ltr'>animi,</span> 
     </span>
     <span class='ocr_line' id='line_1_27' title="bbox 147 1869 1634 1921; baseline 0 -12"><span class='ocrx_word' id='word_1_210' title='bbox 147 1870 297 1909; x_wconf 89' lang='lat' dir='ltr'>nullum</span> <span class='ocrx_word' id='word_1_211' title='bbox 325 1883 515 1921; x_wconf 89' lang='lat' dir='ltr'>spernens</span> <span class='ocrx_word' id='word_1_212' title='bbox 544 1871 713 1921; x_wconf 87' lang='lat' dir='ltr'>nullique</span> <span class='ocrx_word' id='word_1_213' title='bbox 751 1884 792 1910; x_wconf 91' lang='lat' dir='ltr'>se</span> <span class='ocrx_word' id='word_1_214' title='bbox 830 1871 1026 1921; x_wconf 85' lang='lat' dir='ltr'>denegans</span> <span class='ocrx_word' id='word_1_215' title='bbox 1065 1870 1304 1921; x_wconf 85' lang='lat' dir='ltr'>precantium</span> <span class='ocrx_word' id='word_1_216' title='bbox 1343 1869 1466 1909; x_wconf 90' lang='lat' dir='ltr'>cuiuis</span> <span class='ocrx_word' id='word_1_217' title='bbox 1502 1869 1562 1909; x_wconf 91' lang='lat' dir='ltr'>sui</span> <span class='ocrx_word' id='word_1_218' title='bbox 1580 1874 1634 1913; x_wconf 73' lang='lat'>25</span> 
     </span>
     <span class='ocr_line' id='line_1_28' title="bbox 147 1929 1561 1983; baseline -0.001 -14"><span class='ocrx_word' id='word_1_219' title='bbox 147 1930 444 1983; x_wconf 87' lang='lat' dir='ltr'>contubernium</span> <span class='ocrx_word' id='word_1_220' title='bbox 472 1930 667 1977; x_wconf 81' lang='lat' dir='ltr'>offerebat,</span> <span class='ocrx_word' id='word_1_221' title='bbox 697 1931 769 1969; x_wconf 93' lang='lat' dir='ltr'>sub</span> <span class='ocrx_word' id='word_1_222' title='bbox 800 1930 865 1970; x_wconf 86' lang='lat' dir='ltr'>tali</span> <span class='ocrx_word' id='word_1_223' title='bbox 893 1931 1092 1969; x_wconf 84' lang='lat' dir='ltr'>dumtaxat</span> <span class='ocrx_word' id='word_1_224' title='bbox 1120 1929 1339 1969; x_wconf 89' lang='lat' dir='ltr'>conditione</span> <span class='ocrx_word' id='word_1_225' title='bbox 1367 1934 1410 1968; x_wconf 93' lang='lat' dir='ltr'>ut</span> <span class='ocrx_word' id='word_1_226' title='bbox 1436 1929 1561 1980; x_wconf 89' lang='lat' dir='ltr'>prima</span> 
     </span>
     <span class='ocr_line' id='line_1_29' title="bbox 146 1988 1560 2041; baseline -0.001 -12"><span class='ocrx_word' id='word_1_227' title='bbox 146 1994 259 2029; x_wconf 86' lang='lat' dir='ltr'>nocte</span> <span class='ocrx_word' id='word_1_228' title='bbox 286 1994 442 2029; x_wconf 81' lang='lat' dir='ltr'>centum</span> <span class='ocrx_word' id='word_1_229' title='bbox 470 1989 618 2041; x_wconf 84' lang='lat' dir='ltr'>argenti</span> <span class='ocrx_word' id='word_1_230' title='bbox 644 2003 797 2029; x_wconf 86' lang='lat' dir='ltr'>marcas</span> <span class='ocrx_word' id='word_1_231' title='bbox 833 1990 990 2028; x_wconf 91' lang='lat' dir='ltr'>soluens</span> <span class='ocrx_word' id='word_1_232' title='bbox 1018 2002 1064 2029; x_wconf 91' lang='lat' dir='ltr'>ea</span> <span class='ocrx_word' id='word_1_233' title='bbox 1103 1994 1216 2040; x_wconf 92' lang='lat' dir='ltr'>prout</span> <span class='ocrx_word' id='word_1_234' title='bbox 1251 1989 1364 2028; x_wconf 90' lang='lat' dir='ltr'>uellet</span> <span class='ocrx_word' id='word_1_235' title='bbox 1402 1988 1560 2039; x_wconf 89' lang='lat' dir='ltr'>eiusque</span> 
     </span>
     <span class='ocr_line' id='line_1_30' title="bbox 145 2047 1559 2100; baseline -0.001 -12"><span class='ocrx_word' id='word_1_236' title='bbox 145 2048 387 2100; x_wconf 80' lang='lat' dir='ltr'>amplexibus</span> <span class='ocrx_word' id='word_1_237' title='bbox 415 2050 617 2098; x_wconf 86' lang='lat' dir='ltr'>frueretur,</span> <span class='ocrx_word' id='word_1_238' title='bbox 645 2062 691 2089; x_wconf 91' lang='lat' dir='ltr'>ac</span> <span class='ocrx_word' id='word_1_239' title='bbox 717 2049 859 2088; x_wconf 89' lang='lat' dir='ltr'>deinde</span> <span class='ocrx_word' id='word_1_240' title='bbox 886 2062 1002 2088; x_wconf 89' lang='lat' dir='ltr'>mane</span> <span class='ocrx_word' id='word_1_241' title='bbox 1030 2049 1129 2088; x_wconf 84' lang='lat' dir='ltr'>facto</span> <span class='ocrx_word' id='word_1_242' title='bbox 1149 2049 1182 2088; x_wconf 91' lang='lat' dir='ltr'>si</span> <span class='ocrx_word' id='word_1_243' title='bbox 1209 2049 1303 2088; x_wconf 90' lang='lat' dir='ltr'>alter</span> <span class='ocrx_word' id='word_1_244' title='bbox 1332 2047 1439 2087; x_wconf 88' lang='lat' dir='ltr'>alteri</span> <span class='ocrx_word' id='word_1_245' title='bbox 1457 2061 1559 2087; x_wconf 90' lang='lat' dir='ltr'>com-</span> 
     </span>
    </p>
   </div>
   <div class='ocr_carea' id='block_1_5' title="bbox 147 2138 429 2145">
    <p class='ocr_par' dir='ltr' id='par_1_5' title="bbox 147 2138 429 2145">
     <span class='ocr_line' id='line_1_31' title="bbox 147 2138 429 2145; baseline 0 0"><span class='ocrx_word' id='word_1_246' title='bbox 147 2138 429 2145; x_wconf 95' lang='lat' dir='ltr'> </span> 
     </span>
    </p>
   </div>
   <div class='ocr_carea' id='block_1_6' title="bbox 143 2177 1559 2704">
    <p class='ocr_par' dir='ltr' id='par_1_6' title="bbox 143 2177 1559 2704">
     <span class='ocr_line' id='line_1_32' title="bbox 239 2177 1557 2224; baseline 0 -11"><span class='ocrx_word' id='word_1_247' title='bbox 239 2178 263 2213; x_wconf 83' lang='lat'>4</span> <span class='ocrx_word' id='word_1_248' title='bbox 287 2178 356 2214; x_wconf 89' lang='lat' dir='ltr'>inc.</span> <span class='ocrx_word' id='word_1_249' title='bbox 382 2178 504 2214; x_wconf 89' lang='lat' dir='ltr'>dicens</span> <span class='ocrx_word' id='word_1_250' title='bbox 535 2180 575 2214; x_wconf 88' lang='lat' dir='ltr'>V.</span> <span class='ocrx_word' id='word_1_251' title='bbox 605 2200 649 2205; x_wconf 94' lang='lat'>—</span> <span class='ocrx_word' id='word_1_252' title='bbox 675 2180 698 2214; x_wconf 87' lang='lat'>5</span> <span class='ocrx_word' id='word_1_253' title='bbox 722 2179 870 2224; x_wconf 88' lang='lat' dir='ltr'>quidam</span> <span class='ocrx_word' id='word_1_254' title='bbox 894 2189 931 2214; x_wconf 89' lang='lat' dir='ltr'>n.</span> <span class='ocrx_word' id='word_1_255' title='bbox 960 2178 1093 2223; x_wconf 82' lang='lat' dir='ltr'>OPpV.</span> <span class='ocrx_word' id='word_1_256' title='bbox 1110 2199 1155 2204; x_wconf 95' lang='lat'><strong>—</strong></span> <span class='ocrx_word' id='word_1_257' title='bbox 1182 2178 1204 2212; x_wconf 90' lang='lat'><strong>6</strong></span> <span class='ocrx_word' id='word_1_258' title='bbox 1228 2177 1302 2213; x_wconf 86' lang='lat' dir='ltr'>filia</span> <span class='ocrx_word' id='word_1_259' title='bbox 1326 2189 1392 2213; x_wconf 89' lang='lat' dir='ltr'>sua</span> <span class='ocrx_word' id='word_1_260' title='bbox 1420 2177 1557 2213; x_wconf 81' lang='lat' dir='ltr'><strong><em>GV.—</em></strong></span> 
     </span>
     <span class='ocr_line' id='line_1_33' title="bbox 147 2230 1557 2277; baseline -0.001 -10"><span class='ocrx_word' id='word_1_261' title='bbox 147 2232 166 2267; x_wconf 88' lang='lat'><strong>7</strong></span> <span class='ocrx_word' id='word_1_262' title='bbox 191 2231 304 2267; x_wconf 82' lang='lat' dir='ltr'>alium</span> <span class='ocrx_word' id='word_1_263' title='bbox 329 2233 418 2276; x_wconf 78' lang='lat' dir='ltr'>fehlt</span> <span class='ocrx_word' id='word_1_264' title='bbox 441 2234 485 2268; x_wconf 88' lang='lat' dir='ltr'>L.</span> <span class='ocrx_word' id='word_1_265' title='bbox 502 2252 542 2258; x_wconf 98' lang='lat'>—</span> <span class='ocrx_word' id='word_1_266' title='bbox 561 2233 601 2267; x_wconf 88' lang='lat'>11</span> <span class='ocrx_word' id='word_1_267' title='bbox 617 2233 713 2277; x_wconf 87' lang='lat' dir='ltr'>quod</span> <span class='ocrx_word' id='word_1_268' title='bbox 738 2243 843 2277; x_wconf 84' lang='lat' dir='ltr'>posse</span> <span class='ocrx_word' id='word_1_269' title='bbox 868 2232 943 2268; x_wconf 83' lang='lat' dir='ltr'>fieri</span> <span class='ocrx_word' id='word_1_270' title='bbox 971 2233 1035 2276; x_wconf 65' lang='lat' dir='ltr'>sp,</span> <span class='ocrx_word' id='word_1_271' title='bbox 1060 2232 1157 2276; x_wconf 87' lang='lat' dir='ltr'>quod</span> <span class='ocrx_word' id='word_1_272' title='bbox 1183 2242 1216 2276; x_wconf 90' lang='lat' dir='ltr'>p.</span> <span class='ocrx_word' id='word_1_273' title='bbox 1230 2242 1263 2266; x_wconf 91' lang='lat' dir='ltr'>a.</span> <span class='ocrx_word' id='word_1_274' title='bbox 1277 2231 1368 2266; x_wconf 90' lang='lat' dir='ltr'>tueri</span> <span class='ocrx_word' id='word_1_275' title='bbox 1390 2231 1436 2272; x_wconf 87' lang='lat' dir='ltr'>V;</span> <span class='ocrx_word' id='word_1_276' title='bbox 1461 2230 1557 2275; x_wconf 92' lang='lat' dir='ltr'>quod</span> 
     </span>
     <span class='ocr_line' id='line_1_34' title="bbox 144 2284 1559 2331; baseline -0.001 -11"><span class='ocrx_word' id='word_1_277' title='bbox 144 2296 176 2320; x_wconf 86' lang='lat' dir='ltr'>a.</span> <span class='ocrx_word' id='word_1_278' title='bbox 202 2296 275 2321; x_wconf 92' lang='lat' dir='ltr'>non</span> <span class='ocrx_word' id='word_1_279' title='bbox 300 2286 413 2331; x_wconf 87' lang='lat' dir='ltr'>possit</span> <span class='ocrx_word' id='word_1_280' title='bbox 437 2289 473 2321; x_wconf 88' lang='lat' dir='ltr'>et</span> <span class='ocrx_word' id='word_1_281' title='bbox 499 2286 562 2321; x_wconf 85' lang='lat' dir='ltr'>vir.</span> <span class='ocrx_word' id='word_1_282' title='bbox 588 2297 659 2330; x_wconf 90' lang='lat' dir='ltr'>que</span> <span class='ocrx_word' id='word_1_283' title='bbox 685 2285 898 2321; x_wconf 88' lang='lat' dir='ltr'>mulieribus</span> <span class='ocrx_word' id='word_1_284' title='bbox 923 2285 984 2320; x_wconf 88' lang='lat' dir='ltr'>inf.</span> <span class='ocrx_word' id='word_1_285' title='bbox 1004 2286 1201 2330; x_wconf 80' lang='lat' dir='ltr'>denegatur</span> <span class='ocrx_word' id='word_1_286' title='bbox 1228 2285 1266 2320; x_wconf 95' lang='lat'>0.</span> <span class='ocrx_word' id='word_1_287' title='bbox 1299 2306 1342 2310; x_wconf 97' lang='lat'><strong>—</strong></span> <span class='ocrx_word' id='word_1_288' title='bbox 1383 2284 1426 2319; x_wconf 84' lang='grc'>12</span> <span class='ocrx_word' id='word_1_289' title='bbox 1451 2284 1559 2319; x_wconf 89' lang='lat' dir='ltr'>dene-</span> 
     </span>
     <span class='ocr_line' id='line_1_35' title="bbox 144 2337 1557 2384; baseline -0.001 -10"><span class='ocrx_word' id='word_1_290' title='bbox 144 2342 245 2384; x_wconf 76' lang='lat' dir='ltr'>garet</span> <span class='ocrx_word' id='word_1_291' title='bbox 264 2350 303 2383; x_wconf 83' lang='lat' dir='ltr'>p.</span> <span class='ocrx_word' id='word_1_292' title='bbox 330 2360 373 2365; x_wconf 95' lang='lat'>—</span> <span class='ocrx_word' id='word_1_293' title='bbox 403 2340 447 2374; x_wconf 86' lang='lat'>13</span> <span class='ocrx_word' id='word_1_294' title='bbox 470 2342 511 2374; x_wconf 89' lang='lat' dir='ltr'>ut</span> <span class='ocrx_word' id='word_1_295' title='bbox 535 2341 647 2375; x_wconf 88' lang='lat' dir='ltr'>artem</span> <span class='ocrx_word' id='word_1_296' title='bbox 675 2351 768 2384; x_wconf 78' lang='lat' dir='ltr'>mag.</span> <span class='ocrx_word' id='word_1_297' title='bbox 796 2340 896 2375; x_wconf 89' lang='lat' dir='ltr'>nullo</span> <span class='ocrx_word' id='word_1_298' title='bbox 918 2339 1051 2383; x_wconf 82' lang='lat' dir='ltr'>oPpV.</span> <span class='ocrx_word' id='word_1_299' title='bbox 1069 2359 1114 2364; x_wconf 97' lang='lat'><strong>—</strong></span> <span class='ocrx_word' id='word_1_300' title='bbox 1143 2339 1187 2373; x_wconf 80' lang='lat'>15</span> <span class='ocrx_word' id='word_1_301' title='bbox 1212 2337 1373 2373; x_wconf 88' lang='lat' dir='ltr'>eiusdem</span> <span class='ocrx_word' id='word_1_302' title='bbox 1402 2337 1557 2382; x_wconf 64' lang='lat'><strong><em>01²1).—</em></strong></span> 
     </span>
     <span class='ocr_line' id='line_1_36' title="bbox 146 2391 1557 2438; baseline -0.001 -12"><span class='ocrx_word' id='word_1_303' title='bbox 146 2393 191 2427; x_wconf 74' lang='lat'>19</span> <span class='ocrx_word' id='word_1_304' title='bbox 213 2392 252 2427; x_wconf 93' lang='lat' dir='ltr'>in</span> <span class='ocrx_word' id='word_1_305' title='bbox 276 2403 335 2428; x_wconf 86' lang='lat' dir='ltr'>an.</span> <span class='ocrx_word' id='word_1_306' title='bbox 360 2393 451 2436; x_wconf 73' lang='lat' dir='ltr'>fehlt</span> <span class='ocrx_word' id='word_1_307' title='bbox 475 2393 531 2438; x_wconf 82' lang='lat' dir='ltr'>Pp</span> <span class='ocrx_word' id='word_1_308' title='bbox 555 2413 600 2419; x_wconf 94' lang='lat'>—</span> <span class='ocrx_word' id='word_1_309' title='bbox 626 2397 853 2437; x_wconf 89' lang='lat' dir='ltr'>accepturam</span> <span class='ocrx_word' id='word_1_310' title='bbox 873 2392 1007 2436; x_wconf 83' lang='lat' dir='ltr'>OPpV.</span> <span class='ocrx_word' id='word_1_311' title='bbox 1022 2411 1066 2416; x_wconf 97' lang='lat'><strong>—</strong></span> <span class='ocrx_word' id='word_1_312' title='bbox 1087 2392 1220 2436; x_wconf 75' lang='lat' dir='ltr'>20sap.</span> <span class='ocrx_word' id='word_1_313' title='bbox 1235 2394 1271 2426; x_wconf 90' lang='lat' dir='ltr'>et</span> <span class='ocrx_word' id='word_1_314' title='bbox 1289 2391 1453 2436; x_wconf 79' lang='lat' dir='ltr'>generosi</span> <span class='ocrx_word' id='word_1_315' title='bbox 1478 2401 1557 2426; x_wconf 83' lang='lat' dir='ltr'>san-</span> 
     </span>
     <span class='ocr_line' id='line_1_37' title="bbox 144 2443 1556 2492; baseline -0.001 -12"><span class='ocrx_word' id='word_1_316' title='bbox 144 2445 263 2490; x_wconf 74' lang='lat' dir='ltr'>guinis</span> <span class='ocrx_word' id='word_1_317' title='bbox 286 2445 371 2481; x_wconf 90' lang='lat' dir='ltr'>nob.</span> <span class='ocrx_word' id='word_1_318' title='bbox 391 2445 433 2490; x_wconf 82' lang='grc' dir='ltr'>Ο,</span> <span class='ocrx_word' id='word_1_319' title='bbox 458 2446 519 2491; x_wconf 88' lang='lat' dir='ltr'>qui</span> <span class='ocrx_word' id='word_1_320' title='bbox 543 2457 572 2481; x_wconf 87' lang='lat' dir='ltr'>s.</span> <span class='ocrx_word' id='word_1_321' title='bbox 597 2455 671 2492; x_wconf 86' lang='lat' dir='ltr'>sap.</span> <span class='ocrx_word' id='word_1_322' title='bbox 698 2449 734 2481; x_wconf 87' lang='lat' dir='ltr'>et</span> <span class='ocrx_word' id='word_1_323' title='bbox 748 2446 985 2491; x_wconf 80' lang='lat' dir='ltr'>generositate</span> <span class='ocrx_word' id='word_1_324' title='bbox 1009 2445 1221 2490; x_wconf 85' lang='lat' dir='ltr'>generisque</span> <span class='ocrx_word' id='word_1_325' title='bbox 1246 2443 1434 2480; x_wconf 84' lang='lat' dir='ltr'>nobilitate</span> <span class='ocrx_word' id='word_1_326' title='bbox 1450 2444 1556 2488; x_wconf 84' lang='lat' dir='ltr'>PpV.</span> 
     </span>
     <span class='ocr_line' id='line_1_38' title="bbox 145 2496 1557 2545; baseline -0.003 -10"><span class='ocrx_word' id='word_1_327' title='bbox 145 2519 189 2525; x_wconf 91' lang='lat'><strong>—</strong></span> <span class='ocrx_word' id='word_1_328' title='bbox 215 2499 261 2534; x_wconf 85' lang='grc'>22</span> <span class='ocrx_word' id='word_1_329' title='bbox 285 2510 364 2535; x_wconf 86' lang='lat' dir='ltr'>eam</span> <span class='ocrx_word' id='word_1_330' title='bbox 391 2499 483 2535; x_wconf 84' lang='lat' dir='ltr'>coni.</span> <span class='ocrx_word' id='word_1_331' title='bbox 508 2500 676 2544; x_wconf 86' lang='lat' dir='ltr'>copulare</span> <span class='ocrx_word' id='word_1_332' title='bbox 703 2501 736 2535; x_wconf 87' lang='lat' dir='ltr'><em>P</em></span> <span class='ocrx_word' id='word_1_333' title='bbox 757 2502 809 2542; x_wconf 80' lang='lat' dir='ltr'>(in</span> <span class='ocrx_word' id='word_1_334' title='bbox 829 2511 859 2545; x_wconf 79' lang='lat' dir='ltr'>p</span> <span class='ocrx_word' id='word_1_335' title='bbox 883 2511 942 2534; x_wconf 84' lang='lat' dir='ltr'>am</span> <span class='ocrx_word' id='word_1_336' title='bbox 966 2500 1116 2542; x_wconf 73' lang='lat' dir='ltr'>Ranae).</span> <span class='ocrx_word' id='word_1_337' title='bbox 1144 2518 1187 2523; x_wconf 94' lang='lat'>—</span> <span class='ocrx_word' id='word_1_338' title='bbox 1214 2498 1325 2538; x_wconf 72' lang='lat'><strong>23124</strong></span> <span class='ocrx_word' id='word_1_339' title='bbox 1357 2508 1416 2542; x_wconf 87' lang='lat' dir='ltr'>qu.</span> <span class='ocrx_word' id='word_1_340' title='bbox 1442 2496 1557 2532; x_wconf 87' lang='lat' dir='ltr'>multa</span> 
     </span>
     <span class='ocr_line' id='line_1_39' title="bbox 144 2550 1554 2598; baseline -0.002 -11"><span class='ocrx_word' id='word_1_341' title='bbox 144 2551 207 2587; x_wconf 82' lang='lat' dir='ltr'>sed</span> <span class='ocrx_word' id='word_1_342' title='bbox 231 2552 321 2597; x_wconf 85' lang='lat' dir='ltr'>plur.</span> <span class='ocrx_word' id='word_1_343' title='bbox 350 2552 480 2598; x_wconf 76' lang='lat' dir='ltr'>OPpV</span> <span class='ocrx_word' id='word_1_344' title='bbox 502 2574 547 2579; x_wconf 89' lang='lat'><strong>—</strong></span> <span class='ocrx_word' id='word_1_345' title='bbox 577 2553 624 2588; x_wconf 76' lang='lat'>24</span> <span class='ocrx_word' id='word_1_346' title='bbox 660 2553 918 2598; x_wconf 89' lang='lat' dir='ltr'>promittebant</span> <span class='ocrx_word' id='word_1_347' title='bbox 942 2553 982 2588; x_wconf 90' lang='lat' dir='ltr'>P.</span> <span class='ocrx_word' id='word_1_348' title='bbox 1013 2571 1061 2577; x_wconf 96' lang='lat'><strong>—</strong></span> <span class='ocrx_word' id='word_1_349' title='bbox 1100 2552 1146 2587; x_wconf 79' lang='lat'>25</span> <span class='ocrx_word' id='word_1_350' title='bbox 1183 2550 1311 2596; x_wconf 86' lang='lat' dir='ltr'>cuique</span> <span class='ocrx_word' id='word_1_351' title='bbox 1349 2550 1482 2595; x_wconf 83' lang='lat' dir='ltr'>OPpV.</span> <span class='ocrx_word' id='word_1_352' title='bbox 1509 2570 1554 2576; x_wconf 93' lang='lat'>—</span> 
     </span>
     <span class='ocr_line' id='line_1_40' title="bbox 144 2602 1554 2656; baseline -0.002 -16"><span class='ocrx_word' id='word_1_353' title='bbox 144 2605 190 2640; x_wconf 77' lang='grc'>26</span> <span class='ocrx_word' id='word_1_354' title='bbox 215 2615 322 2640; x_wconf 83' lang='lat' dir='ltr'>suum</span> <span class='ocrx_word' id='word_1_355' title='bbox 346 2609 440 2641; x_wconf 79' lang='lat' dir='ltr'>cont.</span> <span class='ocrx_word' id='word_1_356' title='bbox 461 2607 538 2642; x_wconf 90' lang='lat' dir='ltr'>OV.</span> <span class='ocrx_word' id='word_1_357' title='bbox 575 2627 619 2632; x_wconf 90' lang='lat'><strong>—</strong></span> <span class='ocrx_word' id='word_1_358' title='bbox 657 2606 701 2641; x_wconf 87' lang='grc'>27</span> <span class='ocrx_word' id='word_1_359' title='bbox 728 2605 886 2656; x_wconf 83' lang='lat' dir='ltr'>solueret</span> <span class='ocrx_word' id='word_1_360' title='bbox 908 2606 943 2641; x_wconf 89' lang='lat' dir='ltr'><em>L</em></span> <span class='ocrx_word' id='word_1_361' title='bbox 980 2626 1025 2631; x_wconf 94' lang='lat'>—</span> <span class='ocrx_word' id='word_1_362' title='bbox 1063 2604 1157 2639; x_wconf 75' lang='lat' dir='ltr'>nach</span> <span class='ocrx_word' id='word_1_363' title='bbox 1180 2604 1290 2639; x_wconf 88' lang='lat' dir='ltr'>uellet</span> <span class='ocrx_word' id='word_1_364' title='bbox 1313 2607 1461 2647; x_wconf 72' lang='lat' dir='ltr'>erqanzt</span> <span class='ocrx_word' id='word_1_365' title='bbox 1483 2602 1554 2638; x_wconf 77' lang='lat' dir='ltr'>Eb.</span> 
     </span>
     <span class='ocr_line' id='line_1_41' title="bbox 143 2659 632 2704; baseline 0.006 -11"><span class='ocrx_word' id='word_1_366' title='bbox 143 2660 312 2694; x_wconf 81' lang='lat' dir='ltr'>uteretur.</span> <span class='ocrx_word' id='word_1_367' title='bbox 338 2679 382 2686; x_wconf 89' lang='lat'>-</span> <span class='ocrx_word' id='word_1_368' title='bbox 408 2659 455 2694; x_wconf 88' lang='grc'>28</span> <span class='ocrx_word' id='word_1_369' title='bbox 478 2659 548 2695; x_wconf 77' lang='lat' dir='ltr'>frui</span> <span class='ocrx_word' id='word_1_370' title='bbox 566 2661 632 2704; x_wconf 80' lang='lat' dir='ltr'>Pp.</span> 
     </span>
    </p>
   </div>
  </div>
 </body>
</html>
