1800 2930
853 142 1124 180 „92—

282 257 329 295 de
369 256 440 295 deo
474 268 580 303 uero,
622 261 713 296 ante
750 256 880 296 secula
919 256 1092 307 genitum
1125 257 1172 296 de
1209 269 1275 296 ore
1309 257 1439 308 patris,
1478 256 1698 296 nouissimis

283 328 374 354 uero
404 314 641 366 temporibus
669 315 717 355 de
745 315 891 367 uirgine
919 320 1055 356 natum
1083 315 1212 364 fuisse,
1251 329 1422 367 passum,
1461 315 1698 364 crucifixum,

281 379 480 414 mortuum
507 387 577 426 pro
605 375 778 426 gentium
812 375 1087 427 redemptione,
1126 374 1383 415 resurrexisse
1419 380 1549 415 autem
1590 375 1699 415 tertia

281 433 341 473 die
369 439 406 473 et
434 433 653 474 ascendisse
680 433 794 482 celos,
833 434 924 474 inde
951 439 1160 474 uenturum
1188 435 1237 474 ad
1265 434 1460 482 iudicium,
1498 439 1540 474 ut
1566 435 1699 475 reddat

236 493 260 530 5
280 493 486 544 unicuique
513 494 728 545 secundum
757 507 875 545 opera
903 507 986 543 sua,
1016 495 1128 534 bonis
1156 494 1329 546 gloriam,
1358 494 1469 534 malis
1488 507 1582 534 uero
1610 508 1699 546 sup·

280 552 391 604 plicia
418 557 561 593 eterna.
618 553 722 593 Idola
749 558 879 593 autem
907 566 982 605 que
1009 554 1234 594 colebantur
1262 567 1364 594 uana
1391 567 1488 602 esse,
1517 555 1635 593 surda
1662 559 1699 593 et

279 617 388 652 muta
406 610 561 663 uitaque
579 612 759 661 carentia,
789 613 939 652 nullum
958 613 1169 653 cultoribus
1198 614 1278 653 suis
1296 613 1509 653 subsidium
1532 613 1697 653 ualentia

279 676 450 722 prestare
478 672 698 712 affirmabat
717 685 844 723 neque
871 673 964 712 deos
983 686 1079 722 esse,
1109 674 1177 713 sed
1205 673 1331 725 potius
1351 673 1540 712 domicilia
1567 674 1698 712 demo-

278 729 445 772 niorum.
501 730 563 771 Ad
591 736 671 771 tam
700 744 846 772 nouam
873 732 1161 783 inauditamque
1180 733 1477 784 predicationem
1499 732 1697 784 stupefacti

211 788 261 827 10
279 789 382 830 ciues
410 791 459 830 ad
486 803 617 842 regem
644 796 818 840 currunt,
855 797 1105 843 suggerentes
1134 793 1329 843 quendam
1367 793 1536 843 neglecte
1572 792 1696 831 forme

278 848 406 889 uirum
435 850 475 889 in
503 850 587 890 foro
615 863 701 890 esse
729 850 795 901 qui
824 863 969 890 nouam
998 852 1193 902 quandam
1221 851 1443 903 religionem
1472 851 1695 903 predicaret.

277 909 444 959 Moxque
462 909 570 949 iussu
590 909 691 961 regis
709 915 869 950 uocatus
888 910 1145 962 interrogatur
1172 911 1221 951 ab
1240 911 1337 963 ipso,
1366 912 1413 950 de
1433 925 1509 961 qua
1528 910 1696 958 natione,

277 968 324 1008 de
352 981 429 1018 quo
457 982 598 1020 genere
627 975 727 1009 esset
755 968 958 1018 oriundus,
986 971 1095 1010 cuius
1124 970 1353 1011 conditionis
1381 976 1483 1010 esset
1517 971 1575 1010 uel
1606 970 1696 1021 quid

276 1028 531 1078 profiteretur.
569 1028 621 1068 At
639 1029 699 1068 uir
727 1034 885 1069 sanctus
905 1030 983 1081 regi
1012 1043 1080 1081 per
1099 1029 1250 1081 singula
1271 1031 1510 1082 respondens
1538 1030 1695 1069 natione

210 1082 257 1123 15
277 1086 512 1136 Romanum,
568 1088 728 1128 Iudeum
764 1101 917 1139 genere,
955 1089 1179 1129 condicione
1215 1089 1392 1138 liberum,
1431 1089 1695 1129 Christianum

275 1146 513 1198 professione
540 1160 583 1187 se
611 1160 696 1187 esse
724 1152 898 1188 testatur.
955 1148 1026 1189 Cui
1055 1162 1123 1189 rex
1149 1149 1333 1189 Lucinius
1361 1149 1617 1200 subiungens:
1647 1149 1694 1188 Et

276 1218 350 1256 que
378 1211 448 1254 est,
477 1206 541 1254 ait,
570 1219 676 1247 noua
702 1207 776 1246 hec
795 1212 833 1247 et
860 1208 1132 1260 supersticiosa
1159 1209 1290 1260 religio
1309 1221 1426 1259 quam
1454 1208 1697 1248 introducere

276 1265 452 1306 conaris?
506 1266 602 1315 Quis
630 1271 688 1306 est
725 1266 796 1306 iste
824 1267 919 1306 deus
957 1280 1104 1316 recens,
1140 1268 1252 1307 nobis
1290 1268 1416 1307 adhuc
1445 1266 1603 1307 nomine
1640 1267 1695 1305 in-

275 1325 466 1376 cognitus,
487 1338 604 1376 quem
633 1330 673 1365 tu
704 1325 817 1366 nobis
836 1326 909 1366 diis
927 1327 1080 1378 magnis
1107 1327 1289 1378 neglectis
1309 1328 1434 1367 colere
1461 1327 1694 1379 persuades?

205 1382 259 1422 ⁶20
276 1383 339 1423 An
366 1384 521 1436 ignoras
559 1398 582 1424 a
609 1385 798 1425 Romanis
836 1386 1072 1437 prohibitum
1109 1400 1197 1427 esse
1234 1387 1483 1438 principibus,
1521 1399 1571 1426 ne
1609 1386 1694 1437 quis

276 1449 470 1484 recentem
498 1445 614 1484 deum
642 1445 790 1495 absque
825 1451 1050 1486 senatorum
1078 1447 1371 1498 principumque
1407 1459 1601 1487 consensu
1638 1447 1695 1485 in·

276 1504 476 1542 troduccre
503 1508 728 1555 presumat?
782 1505 883 1553 Non,
924 1505 1048 1556 inquit
1085 1506 1145 1544 uir
1172 1511 1342 1555 sanctus,
1382 1519 1404 1546 ο
1441 1505 1695 1545 illustrissime

275 1562 630 1614 sapientissimeque
658 1577 805 1615 regum,
835 1569 1041 1613 recentem,
1071 1566 1139 1605 sed
1167 1565 1371 1616 antiquum
1399 1565 1550 1616 predico
1577 1565 1693 1604 deum

275 1634 391 1672 quem
419 1626 456 1661 et
475 1621 694 1674 philosophi
713 1624 831 1662 uestri
858 1637 1058 1663 summum
1077 1625 1226 1664 bonum
1245 1630 1490 1676 satoremque
1517 1625 1692 1664 omnium

203 1682 255 1720 25
273 1693 404 1721 rerum
431 1680 636 1732 appellant.
692 1682 764 1722 Hic
799 1694 964 1723 cum'ex
993 1684 1145 1733 nichilo,
1184 1698 1264 1724 non
1301 1698 1348 1724 ex
1388 1684 1593 1736 preiacenti
1631 1685 1692 1723 uel

274 1746 454 1780 coeterna
482 1740 553 1780 sibi
581 1741 740 1782 materia
780 1743 919 1791 celum,
956 1748 1111 1792 terram,
1154 1757 1262 1784 mare
1298 1750 1335 1784 et
1372 1745 1504 1784 omnia
1531 1756 1606 1794 que
1633 1743 1693 1783 his

273 1800 521 1839 continentur
539 1801 737 1847 creauerit,
753 1802 966 1842 nouissimo
981 1808 1152 1855 tempore
1168 1817 1237 1855 pro
1252 1804 1515 1855 redemptione
1524 1803 1692 1843 hominis

273 1859 408 1910 perditi
437 1859 631 1900 incarnari
666 1861 848 1912 nascique
876 1862 924 1902 de
960 1862 1110 1914 uirgine
1138 1863 1269 1904 uoluit.
1326 1864 1471 1903 Verum
1509 1862 1692 1914 quoniam

272 1923 310 1958 te
348 1918 621 1970 philosophum
664 1920 743 1959 scio
786 1925 824 1960 et
859 1922 907 1960 ad
944 1934 990 1962 ea
1033 1935 1107 1972 que
1145 1922 1296 1973 profero
1333 1923 1444 1962 uideo
1486 1922 1690 1969 intentum,

201 1987 255 2026 30
272 1977 464 2030 paulisper
491 1978 523 2018 si
553 1979 674 2030 placet
703 1979 742 2018 in
771 1985 963 2020 secretum
991 1982 1217 2022 secedamus
1244 1982 1385 2031 locum,
1427 1995 1476 2021 ne
1504 1982 1596 2021 dum
1625 1982 1690 2020 tibi

271 2042 404 2088 utpote
441 2037 693 2078 subtilissimo
731 2040 1006 2092 redemptionis
1047 2041 1348 2093 saluationisque
1390 2047 1521 2081 nostre
1560 2054 1690 2081 resero

271 2096 454 2145 misteria,
495 2097 658 2137 infirmis
700 2098 954 2139 intellectibus
993 2100 1298 2141 incredulitatem
1341 2101 1465 2153 potius
1507 2107 1692 2152 generent

271 2168 388 2206 quam
407 2156 715 2198 admirationem.
771 2158 855 2198 Rex
885 2165 1014 2199 autern
1033 2160 1217 2200 Lucinius
1236 2162 1356 2201 uerba
1374 2161 1496 2201 sancti
1526 2161 1690 2200 nimium

269 2215 402 2255 audire
429 2216 589 2268 cupiens
617 2217 726 2257 illum
755 2218 794 2257 in
823 2224 1014 2259 secretum
1034 2220 1253 2260 cubiculum
1281 2220 1416 2261 ceteris
1445 2220 1608 2260 exclusis
1628 2221 1690 2259 ad-

387 2318 409 2351 3
434 2320 540 2353 mort.
558 2318 739 2363 sepultum
765 2319 1031 2365 redemptorem
1055 2331 1122 2356 τω.
1154 2322 1192 2358 Ο.
1219 2342 1262 2347 -
1289 2322 1313 2356 4
1336 2321 1409 2357 iud.
1427 2321 1630 2357 redditurus
1655 2333 1689 2357 u.

273 2370 405 2415 OPpV.
440 2391 485 2397 --
522 2372 544 2406 6
569 2371 736 2409 colebant
764 2372 899 2418 OPpV.
931 2394 975 2400 —
1009 2374 1032 2409 8
1057 2374 1256 2411 demonum
1282 2377 1347 2420 Pp.
1375 2395 1418 2400 —
1447 2375 1546 2418 10111
1576 2375 1691 2410 forme

268 2422 443 2468 preelecte
467 2424 533 2460 vir.
564 2425 602 2460 0.
638 2445 683 2452 —-
712 2426 751 2460 11
780 2436 840 2471 qu.
865 2426 981 2472 legem
1011 2427 1146 2473 populo
1174 2427 1214 2469 0,
1250 2438 1309 2473 qu.
1335 2429 1452 2474 legem
1484 2429 1517 2463 V
1540 2448 1583 2453 —
1610 2439 1689 2472 pre-

268 2475 362 2512 dicet
373 2477 438 2522 ΙΨ.
453 2496 498 2503 —
514 2478 621 2521 13114
638 2478 697 2514 uel
714 2490 786 2524 quo
803 2480 1089 2524 proficisceretur
1109 2482 1178 2518 ΟΡ.
1193 2501 1238 2506 -
1254 2483 1297 2517 16
1315 2485 1532 2527 protestatur
1551 2481 1688 2526 OPpl'.

268 2550 312 2556 --
341 2530 385 2566 18
402 2541 472 2566 rec.
491 2531 550 2567 uel
565 2531 618 2577 (et
641 2532 688 2574 V)
705 2532 825 2568 adhuc
846 2534 930 2578 OPp
938 2534 979 2569 V.
998 2554 1042 2560 -
1060 2534 1108 2569 24
1124 2538 1355 2580 actoremque
1372 2536 1411 2571 P.
1429 2555 1474 2562 —
1494 2535 1601 2578 2612?
1620 2546 1691 2580 que

267 2582 304 2618 in
331 2582 382 2619 eis
405 2587 491 2620 sunt
515 2587 550 2620 et
575 2588 669 2621 cont.
695 2586 831 2622 creauit
847 2587 981 2631 OPpV.
1006 2607 1051 2614 -—
1076 2587 1119 2622 31
1148 2587 1382 2624 subtilissima
1399 2589 1480 2626 PV.
1499 2610 1543 2616 —
1568 2589 1614 2625 32
1628 2600 1684 2633 ge·

266 2645 391 2672 nerem
415 2638 491 2673 will
516 2638 566 2673 St.
593 2658 637 2664 —
663 2640 709 2675 33
734 2639 1017 2677 obduracionem
1050 2641 1090 2677 V.
