1800 2930
796 127 1069 165 -30—

228 240 366 291 liisque
393 240 575 280 uestitum
603 242 871 281 ascenderunt.
926 241 1110 281 Lucinius
1139 254 1231 282 uero
1251 241 1393 292 Virgilii
1421 245 1641 292 preceptum

230 299 339 351 quasi
368 301 562 351 quoddam
589 300 745 352 signum
774 306 864 340 ante
883 302 1014 341 oculos
1043 314 1193 352 ponens
1222 300 1394 351 linguam
1423 313 1535 339 suam
1563 304 1643 339 arte

229 359 400 400 custodie
434 359 680 411 mancipabat
715 360 1087 410 salutationibusque
1133 373 1177 400 ac
1219 360 1419 411 plausibus
1467 358 1642 399 omnium

230 418 387 458 nutibus
415 419 614 459 oculorum
642 425 827 471 motuque
846 419 979 471 capitis
999 420 1145 470 absque
1173 419 1303 470 lingue
1332 418 1456 458 officio
1484 430 1643 469 respon-

185 477 209 515 5
229 479 355 518 debat.
397 478 478 518 Nec
506 479 629 530 potuit
656 484 766 530 pater
794 479 869 519 hoc
898 479 961 519 illo
990 480 1051 519 die
1079 480 1292 527 aduertere,
1322 479 1489 529 quadam
1518 475 1644 516 leticia

226 537 471 578 inenarrabili
508 546 668 577 sensum
705 538 956 589 animumque
998 538 1078 578 eius
1118 538 1270 589 penitus
1314 542 1540 588 occupante,
1575 537 1643 576 sed

226 610 299 637 nec
325 597 422 636 alius
449 597 604 647 quidem
632 597 802 648 exceptis
830 597 965 648 legatis
995 597 1059 648 qui
1090 597 1144 636 rei
1173 596 1320 636 conscii
1349 602 1470 636 erant.

225 655 407 746 Verum
435 669 523 696 cum
551 657 709 696 phebus
743 670 814 696 suo
841 670 958 696 cursu
988 662 1141 708 peracto
1179 656 1219 695 in
1251 656 1430 707 Esperias
1471 668 1513 694 se
1541 667 1642 693 rece-

323 716 442 768 pisset
475 717 600 756 undas
637 729 792 767 noxque
825 715 954 766 sopori
992 716 1184 766 quietique
1226 715 1431 755 hominum
1466 714 1644 754 ordinata

159 773 209 812 10
226 775 366 826 preuiis
394 776 562 815 tenebris
581 775 812 823 aduenisset,
841 789 909 815 rex
928 776 1163 826 Dolopathos
1183 788 1273 815 cum
1297 775 1429 826 regina
1458 774 1498 813 in
1527 787 1643 813 suum

227 834 445 874 cubiculum
473 848 515 874 se
534 834 684 886 recepit.
723 834 906 874 Lucinius
925 840 1055 874 autem
1083 835 1403 885 uirguncularum
1423 834 1496 872 sibi
1526 834 1641 884 depu-

227 898 394 933 tatarum
421 893 632 933 ministerio
659 894 699 932 in
728 894 830 933 aliud
858 893 1079 934 cubiculum
1117 894 1325 934 collocatus
1360 893 1446 932 ilico
1480 893 1644 932 menbra

227 953 292 992 dat
328 954 427 993 fessa
471 953 588 1003 quieti
624 953 875 1004 animumque
912 953 1137 1005 spectaculis
1170 954 1318 993 lassum
1360 957 1467 1003 grato
1505 965 1643 1003 sopore

227 1011 357 1052 reficit.
414 1012 526 1051 Hanc
545 1017 699 1052 noctem
718 1012 955 1063 Dolopathos
984 1013 1031 1051 de
1050 1012 1217 1052 crastino
1242 1017 1428 1063 apparatu
1460 1010 1643 1051 sollicitus

160 1067 208 1106 15
228 1076 348 1111 totam
376 1071 484 1111 duxit
511 1071 740 1120 insonnem3
771 1085 933 1123 surgens
962 1085 1055 1111 uero
1085 1085 1239 1111 summo
1268 1071 1434 1110 diluculo
1461 1070 1567 1110 uenit
1594 1071 1642 1109 ad

229 1131 447 1170 cubiculum
484 1131 549 1170 filii
577 1130 843 1170 insinuaturus
871 1130 906 1170 ei
933 1130 1190 1170 intentionem
1218 1135 1255 1170 et
1284 1129 1489 1169 consilium
1527 1142 1642 1168 suum

228 1191 570 1241 exploraturusque
605 1190 686 1229 eius
722 1203 838 1242 super
869 1190 943 1230 hoc
981 1190 1233 1230 uoluntatem.
1290 1189 1465 1228 Exclusis
1502 1202 1592 1239 ergo
1620 1202 1643 1227 a

229 1249 404 1290 cubiculo
432 1249 647 1301 uirginibus
676 1250 817 1289 ostium
847 1249 1040 1289 obserauit
1069 1249 1267 1299 filiumque
1295 1248 1515 1296 excitatum,
1544 1248 1643 1287 salu-

228 1314 352 1348 tatum
380 1322 426 1348 ac
453 1310 718 1349 deosculatum
746 1309 820 1349 hiis
847 1309 978 1348 uerbis
1007 1309 1194 1348 allocutus
1223 1314 1298 1348 est:

156 1369 209 1408 20
288 1382 338 1408 uo
357 1369 527 1408 mundus
546 1369 617 1408 iste
637 1370 779 1408 feratur
808 1382 899 1408 casu
924 1368 1035 1408 cuiue
1060 1368 1136 1408 fato
1157 1382 1246 1408 ceco
1274 1368 1498 1418 incertoque
1518 1379 1642 1418 genus

314 1427 520 1468 hominum
548 1427 753 1476 subiaceat,
783 1433 820 1467 te
851 1428 993 1480 optime
1012 1428 1121 1477 scire,
1150 1428 1202 1467 fili
1230 1427 1284 1467 mi
1303 1427 1534 1471 dulcissime,
1563 1439 1643 1465 non

227 1487 374 1539 ignoro.
440 1487 512 1527 Hic
548 1487 652 1527 enim
687 1492 730 1527 ut
763 1488 863 1527 nosti
907 1489 1078 1527 mundus
1116 1501 1268 1538 semper
1301 1486 1427 1526 labilis
1462 1491 1640 1536 stareque

227 1546 380 1586 nescius
400 1546 572 1586 uarietati
601 1552 638 1586 et
656 1547 914 1587 inconstantie
943 1561 1012 1587 sue
1032 1560 1124 1587 suos
1152 1545 1293 1597 subigit
1321 1552 1525 1592 amatores
1546 1545 1640 1584 alios

227 1606 308 1646 aliis
336 1606 436 1657 cogit
464 1608 678 1654 succedere,
714 1607 798 1647 illos
828 1607 911 1647 eicit
940 1612 982 1647 ut
1010 1607 1104 1647 istos
1132 1606 1360 1653 introducat,
1399 1605 1525 1657 priuat
1557 1604 1641 1644 illos

158 1665 209 1704 25
227 1667 441 1706 honoribus
470 1680 514 1706 ac
533 1666 679 1706 diuiciis
698 1672 735 1706 et
754 1668 803 1707 ad
823 1668 949 1707 solum
969 1680 1091 1717 usque
1119 1665 1309 1714 humiliat,
1330 1671 1372 1705 ut
1391 1665 1485 1705 istos
1505 1665 1644 1704 exaltet

228 1726 366 1766 ditatos
395 1731 482 1777 post
510 1726 704 1766 modicum
732 1726 772 1765 in
794 1726 960 1766 deterius
980 1727 1160 1766 ruituros.
1199 1726 1307 1777 Ipsos
1336 1731 1508 1776 preterea
1535 1736 1644 1774 reges

228 1799 273 1825 ac
301 1785 492 1837 principes
512 1786 578 1836 qui
606 1787 893 1836 quodammodo
912 1786 1137 1825 naturaliter
1155 1785 1291 1824 mundi
1310 1785 1455 1836 pollent
1483 1783 1642 1830 diuiciis,

230 1850 374 1895 quanta
401 1844 672 1893 inconstantia,
703 1851 848 1896 quanta
877 1845 1062 1885 uarietate
1090 1858 1251 1885 casuum
1281 1846 1453 1884 Fortuna
1481 1843 1641 1882 deludit!

228 1905 341 1944 Nunc
368 1905 452 1944 letis
482 1905 602 1956 erigit,
632 1918 738 1944 nunc
756 1905 930 1945 aduersis
958 1904 1069 1944 deicit
1090 1904 1280 1955 uariisque
1300 1903 1407 1955 angit
1434 1902 1642 1949 doloribus,

347 2036 369 2070 2
405 2035 472 2070 arti
517 2035 679 2071 custodia
717 2037 811 2081 OPp,
849 2034 923 2071 acri
955 2035 1116 2071 custodia
1146 2035 1186 2071 V.
1224 2053 1268 2059 —
1307 2035 1328 2069 3
1362 2031 1644 2068 salutacionibus

229 2089 532 2134 applausibusque
557 2101 599 2124 ac
624 2089 793 2124 omnibus
824 2089 1107 2124 allocucionibus
1143 2091 1220 2123 nut.
1246 2087 1504 2131 oculorumque
1541 2089 1642 2120 motu

228 2154 305 2188 cap.
338 2143 377 2179 V.
406 2161 450 2168 —
484 2144 505 2178 6
531 2143 740 2188 occupando
765 2144 874 2188 PpV.
913 2162 955 2168 —
982 2144 1005 2178 8
1029 2142 1115 2178 Sero
1144 2142 1223 2186 OV,
1251 2141 1343 2176 Vero
1367 2141 1423 2184 Pp
1455 2160 1494 2166 —
1523 2150 1643 2184 vespe-

227 2196 325 2232 rinas
356 2197 396 2233 V.
435 2216 480 2221 -—
518 2198 539 2231 9
576 2207 649 2231 nox
682 2208 849 2242 soporem
888 2196 1044 2242 quietem
1087 2195 1296 2239 cunctisque
1326 2193 1535 2229 hominibus
1566 2193 1642 2227 ord.

237 2251 291 2295 V;
313 2261 389 2295 sop.
415 2252 451 2286 et
475 2250 586 2295 quieti
612 2254 821 2286 cunctorum
847 2251 883 2286 h.
909 2250 985 2285 ord.
1014 2249 1055 2292 Ο,
1089 2260 1154 2294 sop
1198 2248 1358 2293 quietum
1391 2246 1582 2291 cunctique
1607 2246 1641 2281 h.

229 2303 304 2339 ord.
331 2305 395 2348 Pp.
414 2324 459 2330 —
479 2305 522 2339 13
547 2304 682 2339 lassum
707 2305 797 2349 fehlt
814 2305 917 2349 PpV,
943 2303 1181 2348 inquietatum
1211 2302 1240 2338 Ο
1266 2322 1310 2328 -
1341 2300 1384 2335 14
1401 2300 1469 2335 Sed
1494 2301 1588 2335 hanc
1606 2311 1642 2335 n.

231 2356 366 2401 OPpV.
392 2376 438 2382 —-
474 2359 517 2393 16
543 2358 809 2403 significaturus
839 2358 879 2400 P,
913 2357 1160 2402 insignaturus
1190 2367 1230 2401 p,
1262 2355 1496 2399 instigatums
1529 2354 1570 2389 Ο.
1597 2374 1642 2379 -

232 2411 275 2445 19
309 2410 503 2455 alloquitur
540 2411 662 2446 dicens
701 2412 780 2448 OV.
816 2430 861 2436 —
908 2411 954 2446 20
990 2411 1077 2455 fato]
1116 2410 1211 2444 facto
1243 2410 1293 2454 L,·
1327 2419 1411 2444 ceco
1451 2408 1549 2442 Com:
1576 2408 1641 2441 Eb.

229 2462 366 2507 (mobili
404 2465 447 2498 G.
472 2465 536 2506 Ρ.),
576 2465 667 2508 fehlt
700 2466 769 2499 den
795 2465 879 2499 Hes.
915 2485 960 2491 —
995 2474 1027 2507 g.
1053 2463 1254 2498 humanum
1288 2461 1419 2506 OPpV
1443 2481 1487 2487 -
1519 2462 1559 2495 21
1590 2461 1643 2495 di-

229 2516 420 2553 lectissime
440 2517 549 2553 OPV.
580 2537 624 2542 —-
655 2518 700 2552 23
726 2517 855 2553 subicit
882 2516 1017 2562 OPpV.
1043 2537 1087 2543 —-
1114 2516 1161 2550 24
1186 2526 1262 2560 cog.
1294 2514 1480 2550 subiacere
1508 2514 1640 2559 OPpV.

231 2589 274 2595 —
302 2571 346 2605 26
371 2570 433 2606 dit.
465 2574 506 2606 ut
536 2582 570 2616 p.
595 2572 744 2606 modum
771 2571 808 2606 in
834 2571 904 2606 det.
930 2572 1038 2606 ruant
1065 2569 1200 2615 OPpV.
1230 2588 1277 2594 —
1310 2568 1348 2603 in
1372 2579 1436 2603 vor
1458 2568 1528 2603 det.
1553 2568 1644 2613 fehlt

231 2624 274 2659 L.
303 2644 342 2650 —
371 2625 414 2659 27
441 2625 641 2669 prepolleut
669 2625 748 2661 OV.
