1800 2930
741 152 1015 192 ..97-

173 268 389 320 respondit:
429 268 752 320 Prothoparentae
790 265 905 318 igitur
945 271 989 306 ut
1029 265 1176 306 dictum
1212 270 1270 306 est
1307 267 1490 307 mandato
1527 266 1589 307 dei

175 327 405 379 negligentia
430 332 611 380 corrupto
637 340 662 367 a
687 324 925 366 beatitudine
950 324 992 365 in
1020 338 1098 376 qua
1124 325 1242 365 creati
1266 325 1418 366 fuerant
1443 326 1588 366 detrusi

172 386 213 425 in
241 387 344 427 hanc
362 387 504 428 uallem
521 385 687 434 mmerie,
714 384 838 425 uitam
861 384 1065 425 mortalem
1096 389 1134 424 et
1160 384 1350 436 fragilitati
1377 385 1588 426 obnoxiam

169 445 408 494 deciderunt,
451 450 552 486 terre
587 445 706 485 huius
753 442 887 484 diuina
921 443 1191 484 maledictione
1224 445 1432 496 dampnate
1479 445 1587 485 babi-

174 504 342 545 taculum
371 517 441 557 pro
466 503 643 556 paradiso
669 502 891 543 deliciarum
924 508 1221 543 commutantes.
1275 503 1357 544 lam
1393 516 1485 544 uero
1523 504 1587 555 qui
1633 504 1658 543 5

171 577 220 603 ex
249 562 512 604 huiuscemodi
538 562 776 614 genitoribus
802 575 871 614 per
899 562 1035 602 orbem
1055 567 1155 603 terre
1182 562 1308 603 diffusi
1334 568 1439 612 sunt,
1467 563 1588 604 ferino

173 623 295 674 magis
322 636 367 663 ac
393 621 551 662 beluino
577 621 652 662 ritu
672 622 898 662 oberrantes
925 635 1007 662 non
1035 622 1152 662 urbes
1170 622 1219 662 ad
1246 622 1480 669 societatem,
1509 635 1588 663 non

171 694 300 722 mores
340 682 390 722 ad
427 681 687 728 honestatem,
728 693 809 720 non
845 680 950 732 leges
989 682 1039 722 ad
1081 681 1160 721 uite
1196 680 1380 721 iustitiam
1417 687 1588 734 tenuere,

168 741 311 781 artium
337 745 469 781 autem
496 738 864 791 disciplinarumque
893 741 996 792 apud
1014 753 1081 780 eos
1099 745 1138 780 et
1157 739 1272 780 totius
1299 740 1499 793 prophetie
1518 754 1589 781 nec

171 800 298 852 ipsum
317 798 473 851 quidem
492 812 636 839 nomen
656 799 887 846 habebatur,
916 800 983 839 sed
1002 804 1171 851 agrestes
1190 805 1228 840 et
1245 800 1335 852 uagi
1353 813 1421 852 per
1437 801 1588 840 deserta
1609 798 1660 838 10

171 858 318 908 incerti,
347 858 463 899 nullis
492 859 650 899 sedibus
681 859 823 899 firmati
850 859 1106 911 uagabantur.
1145 859 1187 899 Si
1213 872 1291 910 qua
1317 872 1410 900 uero
1436 859 1477 900 in
1496 859 1589 911 ipsis

169 918 261 959 boni
290 918 441 958 semina
468 918 696 958 nuturaliter
722 918 926 959 clementia
952 918 1165 959 inoleuerat
1184 918 1405 967 conditoris,
1431 919 1506 959 hec
1530 919 1589 959 in-

166 978 272 1018 culta
299 983 338 1018 et
365 977 562 1018 incondita
588 978 851 1029 relinquentes
878 978 1001 1030 magis
1028 978 1077 1018 ad
1104 991 1219 1018 usum
1246 978 1395 1019 malicie
1421 991 1499 1029 quo
1524 978 1589 1018 uia

168 1036 331 1077 humani
359 1037 511 1088 generis
538 1037 750 1089 procliuius
770 1037 942 1089 uergitur
968 1038 1231 1078 conserebant.
1274 1038 1332 1078 Ex
1350 1050 1427 1089 quo
1454 1036 1590 1078 accidit

170 1102 212 1136 ut
238 1097 399 1136 nefariis
426 1096 635 1136 sceleribus
662 1096 762 1136 inter
788 1096 1017 1149 semetipsos
1036 1102 1193 1148 agentes
1220 1109 1326 1137 nunc
1353 1096 1590 1148 corriperen-
1611 1094 1659 1134 15

170 1161 247 1204 tur,
278 1169 383 1196 nunc
402 1156 519 1196 etiam
546 1155 857 1196 interimerentur
877 1156 927 1196 ab
946 1156 1126 1205 inuicem,
1154 1169 1200 1196 eo
1219 1169 1342 1207 usque
1359 1157 1590 1208 procedente

172 1215 415 1256 immanitate
442 1220 486 1255 ut
513 1215 629 1256 etiam
656 1216 938 1255 deuorarentur
965 1216 1015 1255 ab
1042 1216 1236 1256 alterutro.
1292 1215 1395 1255 Hinc
1426 1215 1488 1255 ille
1515 1227 1589 1266 que

173 1275 321 1315 mundo
349 1274 503 1314 sceleris
523 1274 675 1315 tabulas
702 1274 938 1325 reliquerunt
956 1275 1198 1315 theomachie
1220 1280 1259 1315 et
1283 1273 1589 1326 gigantomachie

171 1339 306 1374 exorte
325 1338 428 1381 sunt,
458 1335 582 1374 donec
601 1333 756 1374 nefariis
774 1334 933 1374 ausibus
952 1333 1045 1374 ultio
1064 1334 1196 1374 diuina
1214 1347 1319 1374 nunc
1337 1333 1589 1374 inundatione

167 1392 316 1441 diluuii,
337 1405 442 1432 nunc
466 1392 582 1433 etiam
603 1392 849 1445 populatione
871 1393 974 1445 ignei
1000 1393 1146 1444 ymbris
1173 1393 1375 1434 obsisteret
1392 1398 1430 1433 et
1456 1392 1590 1433 imma-
1605 1390 1660 1429 20

171 1452 313 1492 nitates
352 1452 471 1492 seculi
509 1458 548 1492 et
594 1452 810 1504 impietates
855 1465 1045 1504 penarum
1090 1452 1275 1493 uarietate
1319 1452 1587 1504 conprimeret,

173 1512 319 1552 Verum
346 1511 532 1562 quoniam
559 1511 719 1552 creatori
739 1524 811 1551 suo
837 1512 1055 1552 humanum
1073 1525 1197 1564 genus
1224 1511 1373 1552 malicie
1390 1511 1527 1551 morbo
1550 1516 1588 1551 et

168 1571 404 1622 contagione
431 1576 657 1623 corruptum
682 1572 971 1611 emendandum
998 1571 1201 1612 uidebatur
1227 1570 1354 1623 potius
1381 1584 1498 1622 quam
1525 1571 1588 1610 de-

171 1631 344 1678 lendum,
385 1629 590 1670 miseratus
617 1635 710 1670 tunc
746 1630 971 1671 obscuratas
1010 1643 1079 1683 per
1111 1630 1326 1682 nequiciem
1365 1635 1516 1670 mentes
1550 1635 1589 1670 et

172 1689 341 1730 tenebris
386 1689 554 1730 cecitatis
597 1689 814 1731 obstructas
859 1689 962 1730 idem
1006 1690 1088 1742 ipse
1129 1690 1194 1741 qui
1242 1695 1439 1731 creauerat
1483 1701 1589 1729 nunc
1606 1685 1658 1725 25

168 1749 404 1801 angelorum
430 1755 469 1789 et
498 1748 776 1797 ministrorum,
816 1762 923 1790 nunc
951 1749 1138 1790 uirtutum
1165 1749 1419 1802 legationibus
1457 1748 1588 1797 utitur,

172 1821 278 1848 nunc
318 1808 435 1849 etiam
475 1808 658 1849 ineffabili
693 1809 914 1860 dignatione
950 1809 1032 1861 ipse
1072 1810 1193 1858 adest,
1229 1814 1268 1849 et
1308 1821 1440 1849 rarum
1466 1808 1589 1849 sicubi

173 1881 289 1919 quem
316 1868 378 1908 dei
404 1880 450 1908 ac
476 1867 625 1908 iusticie
654 1881 867 1909 memorem
894 1868 1072 1920 repperit,
1100 1867 1243 1909 diuinis
1276 1867 1587 1917 reuelationibus,

172 1926 331 1967 monitis
371 1927 661 1976 salubrioribus,
700 1927 955 1968 instructione
997 1927 1172 1968 uidelicet
1214 1941 1292 1979 qua
1331 1928 1447 1968 deum
1480 1927 1588 1967 decet

171 1987 279 2027 hunc
305 1986 444 2026 imbuit
482 1992 521 2026 et
548 1999 616 2038 per
647 1988 755 2027 hunc
791 1987 1000 2027 reformare
1036 2000 1081 2027 ac
1110 1999 1294 2027 reuocare
1329 1987 1378 2027 de
1417 1986 1586 2027 tenebris
1603 1980 1659 2020 30

175 2046 395 2086 humanum
422 2045 555 2086 nititur
582 2059 718 2098 genus,
756 2059 837 2086 non
864 2047 905 2086 in
934 2046 1010 2087 alia
1036 2059 1154 2097 quam
1186 2046 1227 2086 in
1254 2045 1425 2086 hominis
1460 2045 1588 2097 specie

177 2118 253 2156 qua
279 2105 406 2145 solum
432 2106 614 2146 homines
641 2106 769 2146 doceri
796 2105 938 2157 aliquid
965 2110 1003 2146 et
1029 2105 1170 2146 instrui
1196 2118 1242 2146 ac
1260 2105 1384 2146 iuuari
1411 2109 1586 2157 possunt,

169 2165 299 2204 donec
316 2164 501 2216 paulatim
519 2170 675 2215 gentem
693 2165 884 2216 integram
903 2177 978 2216 que
995 2165 1239 2205 Hebreorum
1258 2165 1519 2217 appellabatur
1537 2164 1587 2204 ad

296 2273 352 2316 112
368 2284 417 2309 m.
431 2274 466 2309 d.
483 2284 527 2309 ex
544 2274 639 2318 negl.
659 2274 704 2315 Ο;
730 2285 779 2309 m.
796 2274 853 2309 dei
869 2274 1033 2319 neglecto
1050 2285 1073 2309 a
1088 2273 1123 2309 b.
1147 2274 1188 2310 V.
1213 2294 1260 2300 —
1284 2274 1306 2309 2
1331 2273 1519 2309 altitudine
1546 2274 1586 2309 O.

177 2345 220 2352 —
238 2327 262 2361 3
285 2337 321 2362 u.
338 2326 419 2363 mis.
443 2327 534 2371 fehlt
550 2328 594 2364 L.
619 2346 664 2352 —
689 2329 712 2363 5
729 2327 798 2364 del.
814 2328 904 2372 fehlt
927 2328 993 2372 Pp.
1020 2345 1063 2353 —
1088 2328 1111 2363 6
1135 2327 1262 2363 seuino
1285 2338 1335 2362 m.
1351 2327 1417 2372 Pp,
1441 2326 1587 2363 leonino

175 2390 227 2416 m.
262 2379 299 2416 V.
324 2400 370 2407 —·
395 2380 416 2415 7
441 2391 551 2426 quam
577 2380 647 2417 bel.
668 2381 801 2427 ospV.
821 2399 862 2407 -
883 2381 928 2416 10
943 2391 1008 2426 pro
1024 2380 1150 2416 dextra
1165 2380 1350 2426 inc.1²pV.
1367 2381 1472 2416 -11
1493 2380 1586 2416 firm.

173 2433 267 2476 fehlt
282 2434 336 2478 L,·
359 2433 468 2470 locati
501 2433 545 2470 V.
563 2454 609 2461 —-
637 2434 682 2470 14
705 2434 937 2471 confluebant
966 2434 1006 2471 V.
1037 2454 1083 2461 —
1116 2434 1161 2470 15
1185 2444 1365 2479 corrump.
1390 2434 1522 2478 OPpV.
1540 2453 1586 2460 -

182 2486 290 2529 17118
312 2486 374 2522 ille
397 2486 546 2523 soelaeoe
569 2487 723 2524 sciencie
742 2488 819 2524 OV.
837 2508 884 2515 —
902 2488 947 2523 18
969 2487 1111 2523 tabulas
1139 2488 1239 2523 Coni.
1262 2487 1341 2529 Bb..
1365 2486 1506 2522 fabulas
1529 2486 1587 2521 die

178 2538 266 2575 Ha.
294 2558 333 2566 —
365 2541 408 2575 19
431 2540 530 2576 ausis
554 2541 644 2586 1.sp
667 2559 712 2567 —
737 2551 835 2576 nunc
857 2540 1023 2577 inundati
1048 2551 1140 2585 aque
1164 2540 1227 2576 dil.
1245 2540 1340 2585 Osp,
1365 2549 1462 2575 nunc
1485 2539 1586 2575 innn-

180 2590 298 2627 dantis
321 2603 415 2638 aque
437 2593 575 2630 diluuio
606 2595 648 2630 V.
673 2613 719 2620 —
742 2595 791 2630 ΞΟ
813 2593 993 2640 plaicione
1023 2594 1067 2630 V.
1091 2614 1137 2621 —
1166 2593 1214 2629 24
1237 2593 1445 2629 moderatus
1474 2592 1515 2628 V.
1542 2611 1582 2619 -

177 2644 227 2680 32
251 2655 293 2680 ac
316 2645 432 2682 iuuari
455 2647 546 2691 fehlt
569 2648 612 2682 L.

249 2709 436 2744 emmim
452 2710 763 2740 mittenatetntacher
779 2711 888 2740 ‘rexte
913 2711 941 2739 ⁵.
1427 2708 1445 2734 ⁷
