1800 2930
711 225 985 265 —51-

148 337 339 378 sublatam
367 338 461 379 fore.
516 339 663 379 Furore
690 352 781 391 ergo
808 339 989 391 repletus,
1017 339 1269 380 dissimulans
1296 346 1428 380 tamen
1455 353 1562 392 egre-

146 398 248 438 ditur
275 398 457 449 uenitque
485 398 534 438 ad
562 398 799 450 decrepitum
832 399 1029 449 quendam
1066 412 1202 439 senem
1230 400 1433 440 consilium
1470 413 1561 451 que·

146 457 302 497 siturus.
358 458 499 497 Fuerat
524 457 589 497 hic
615 470 736 497 senex
763 457 971 508 aliquando
1010 458 1291 498 famosissimus
1318 459 1418 499 latro
1444 472 1561 510 quem

143 517 470 568 comprehensum
496 529 565 556 rex
592 516 713 556 oeulis
741 516 959 567 priuauerat
986 517 1098 568 eique
1125 518 1173 557 de
1208 531 1345 557 mensa
1372 531 1444 558 sua
1470 518 1562 558 coti-

144 576 281 615 dianos
307 575 558 616 constituerat
585 575 703 615 cibos.
760 575 833 615 Hic
870 575 949 627 regi
987 576 1192 616 consilium
1219 590 1310 628 sepe
1349 577 1495 617 bonum
1524 583 1563 618 et
1607 578 1633 616 5

144 635 236 675 utile
263 635 458 687 prebebat,
493 640 625 686 utpote
652 634 717 686 qui
747 635 868 674 multa
895 635 1043 675 uiderat
1070 641 1108 675 et
1134 636 1307 675 audierat
1326 649 1473 687 suoque
1499 650 1563 676 ex-

145 694 359 746 perimento
397 694 579 734 didicerat
619 695 758 734 multa.
827 694 968 734 Narrat
1007 694 1042 734 ei
1092 707 1159 734 rex
1196 695 1410 747 dampnum
1446 708 1563 735 suum

144 754 344 805 queritque
371 754 567 804 quomodo
603 753 753 805 perdita
790 766 1016 806 recuperare
1044 754 1179 806 possit.
1234 753 1305 794 Cui
1341 767 1460 794 senex
1488 755 1563 795 tale

147 813 213 852 dat
239 809 464 852 consilium!
497 812 552 863 Si,
579 812 717 863 inquit,
746 825 769 852 ο
788 826 869 861 rex,
899 826 1016 852 nosse
1034 813 1154 865 cupiS,
1183 813 1269 864 quis
1295 814 1370 853 hoc
1397 827 1448 853 an
1474 819 1563 854 tuus

149 878 280 912 custos
307 885 358 912 an
386 871 485 912 alius
512 872 643 923 egerit,
672 872 762 911 iube
789 872 1012 912 fasciculum
1041 873 1162 912 herbe
1188 872 1323 912 uiridis
1359 873 1398 912 in
1427 873 1563 913 turrim
1585 873 1636 912 10

146 931 278 971 inferri
305 932 548 983 supponique
576 932 718 983 ignem.
756 932 817 971 Tu
845 937 975 972 autem
996 938 1123 972 serato
1151 932 1248 972 ostio
1267 933 1403 972 turrim
1422 932 1562 973 iterum

142 996 260 1042 atque
278 989 418 1031 iterum
438 991 622 1042 circueas,
640 991 922 1031 considerando
940 991 972 1031 si
991 1005 1059 1043 per
1078 992 1245 1042 aliquam
1265 992 1365 1031 muri
1382 992 1562 1032 rimulam

145 1049 296 1090 fumum
316 1050 443 1101 egredi
464 1051 616 1090 uideris.
668 1050 754 1090 Hoc
781 1051 880 1090 facto
899 1051 948 1091 ad
966 1064 1030 1090 me
1050 1052 1184 1090 redeas
1211 1051 1413 1090 consilium
1431 1064 1562 1104 accep-

143 1114 267 1157 turus,
287 1110 378 1160 quid
407 1115 493 1161 post
511 1110 584 1150 hec
610 1110 677 1149 tibi
705 1111 900 1161 agendum
919 1110 978 1149 sit.
1017 1110 1102 1150 Rex
1129 1116 1259 1150 autem
1287 1110 1430 1150 dictum
1457 1111 1562 1150 senis

142 1168 371 1209 festinanter
398 1169 547 1221 impleri
584 1169 723 1209 iubens
751 1170 887 1209 clausit
914 1170 1056 1209 ostium
1084 1175 1122 1209 et
1149 1170 1248 1221 cepit
1275 1170 1411 1210 tacitus
1447 1171 1563 1210 turris
1584 1170 1633 1210 15

142 1228 334 1268 ambitum
362 1228 536 1268 circuire.
591 1229 690 1268 Ecce
722 1234 854 1268 autem
882 1242 930 1268 ex
958 1229 1084 1269 calore
1114 1229 1212 1281 ignis
1251 1229 1459 1280 uiridisque
1481 1244 1561 1270 ma-

143 1288 236 1328 terie
253 1288 421 1327 humore
447 1288 580 1328 fumus
599 1288 838 1340 permaxime
856 1288 1043 1328 excitatus
1072 1294 1193 1328 totam
1220 1302 1343 1339 usque
1370 1290 1418 1329 ad
1446 1295 1559 1329 testu·

142 1348 274 1387 dinem
303 1348 463 1399 repleuit
491 1348 639 1387 turrim.
678 1347 754 1396 Qui
781 1349 876 1387 dum
894 1348 988 1388 alias
1016 1348 1251 1400 spiraculum
1279 1362 1358 1387 non
1387 1348 1560 1396 haberet,

139 1420 210 1459 per
235 1407 364 1447 locum
393 1407 592 1447 foraminis
611 1407 724 1455 illius,
753 1420 799 1447 eo
827 1408 931 1458 quod
950 1407 1075 1459 lapide
1103 1413 1254 1447 tantum
1282 1408 1367 1447 sine
1384 1414 1561 1448 cemento

144 1467 385 1506 obstructum
413 1467 547 1513 fuerat,
576 1467 780 1518 egreditur.
836 1467 948 1516 Quod
977 1467 1132 1507 intuens
1161 1480 1229 1507 rex
1257 1467 1419 1507 festinus
1454 1467 1562 1507 uenit
1579 1467 1633 1506 20

142 1527 192 1565 ad
220 1539 369 1575 senem,
397 1526 489 1577 quid
516 1526 655 1566 uiderit
682 1526 916 1566 manifestat.
971 1526 1146 1566 Audiens
1174 1527 1249 1566 hoc
1268 1540 1409 1567 senex:
1439 1526 1559 1575 Scias,

138 1585 203 1631 ait.
232 1598 256 1625 o
283 1599 364 1631 rex,
391 1585 495 1625 fures
531 1586 600 1625 tibi
633 1591 721 1626 tuos
748 1599 818 1638 per
844 1586 973 1626 locum
1001 1586 1067 1626 ubi
1094 1587 1224 1626 fumus
1253 1586 1446 1638 egreditur
1472 1588 1560 1626 abs-

138 1645 272 1685 tulisse
307 1645 535 1693 thesauros3
572 1658 670 1696 quos
707 1645 781 1686 nisi
809 1645 937 1696 aliqua
963 1651 1046 1685 arte
1072 1646 1214 1697 capias,
1251 1647 1352 1697 quod
1382 1651 1559 1697 superest

143 1705 410 1756 asportabunt.
464 1704 553 1745 Non
582 1705 688 1745 enim
714 1706 935 1753 cessabunt,
974 1705 1115 1757 quippe
1152 1705 1292 1756 quibus
1319 1705 1447 1745 adhuc
1474 1718 1559 1757 pro·

140 1777 254 1816 spere
272 1764 388 1804 cessit
406 1777 481 1812 τω,
509 1765 634 1805 donec
652 1770 777 1804 totum
796 1765 1023 1804 thesaurum
1042 1765 1286 1805 exhauriant.
1341 1765 1429 1805 Meo
1447 1765 1561 1816 igitur
1578 1763 1630 1801 25

140 1828 254 1863 utens
273 1823 434 1864 consilio
461 1824 677 1875 dampnum
695 1824 896 1864 dissimula
923 1829 962 1863 et
980 1837 1114 1876 preme
1132 1824 1296 1872 silentio,
1324 1837 1375 1864 ne
1403 1837 1562 1864 rumore

142 1884 219 1923 hoc
246 1896 315 1935 per
341 1896 455 1923 aures
483 1883 615 1935 populi
651 1883 891 1923 discurrente
918 1889 1030 1923 tuum
1067 1884 1215 1924 furibus
1243 1884 1414 1924 studium
1450 1883 1560 1923 inno-

139 1948 274 1982 tescat.
311 1942 360 1982 Et
386 1947 428 1982 tu
456 1942 612 1982 interim
630 1956 799 1995 cuppam
825 1943 941 1982 latam
961 1949 998 1982 et
1026 1943 1258 1995 profundam
1286 1943 1425 1983 calenti
1442 1943 1560 1995 imple

72 2057 75 2059 ‚
139 2002 340 2050 bitumine,
360 2015 459 2051 resa,
487 2002 571 2054 pice
589 2007 627 2042 et
644 2002 801 2053 glutine,
830 2016 947 2053 quam
966 2002 1145 2042 foramini
1162 2003 1353 2042 introrsus
1371 2015 1561 2054 opponas,

139 2067 183 2101 ut
209 2062 304 2101 dum
332 2062 393 2101 fur
420 2075 532 2102 more
559 2062 672 2101 solito
699 2075 861 2102 securus
890 2061 1037 2101 nullam
1064 2062 1329 2114 deceptionem
1355 2062 1559 2114 suspicans
1577 2059 1631 2098 30

139 2122 189 2161 ad
215 2126 415 2161 assuetum
443 2121 672 2161 thesaurum
700 2121 917 2169 recurrerit,
947 2126 1106 2173 repente
1142 2121 1179 2160 in
1209 2134 1376 2173 cuppam
1403 2127 1559 2161 corruat

140 2186 352 2232 captusque
379 2186 418 2221 et
445 2181 644 2232 colligatus
671 2181 820 2232 glutine
847 2194 890 2220 se
919 2181 987 2220 tibi
1015 2181 1106 2220 uelit
1146 2180 1241 2220 nolit
1268 2181 1307 2220 in
1345 2181 1558 2220 crastinum

140 2240 370 2280 manifestet.
435 2240 660 2280 Admiratus
696 2253 764 2280 rex
801 2246 974 2280 astutum
1010 2240 1114 2280 senis
1150 2239 1355 2280 consilium
1390 2253 1558 2292 cuppam

260 2353 277 2387 1
304 2363 333 2387 s.
366 2362 445 2387 oese
474 2353 510 2386 V
532 2370 575 2377 -
600 2351 685 2387 diss.
714 2362 859 2387 causam
883 2363 922 2397 p.
948 2371 991 2377 —
1018 2352 1041 2386 2
1066 2362 1097 2387 c.
1121 2348 1331 2396 recepturus
1358 2351 1491 2396 opPV.
1513 2370 1556 2377 —

138 2405 163 2440 3
187 2405 348 2441 famosus
373 2406 477 2450 OpV‚
502 2405 635 2449 feMtP.
661 2425 707 2431 —
733 2406 753 2440 7
779 2405 972 2441 didiscerat
996 2406 1041 2441 L.
1066 2423 1109 2430 -
1136 2406 1159 2439 9
1183 2404 1282 2439 dedit
1306 2415 1335 2439 c.
1365 2404 1491 2449 oPpV
1510 2423 1556 2431 —

139 2458 210 2494 hoc
232 2462 318 2494 tuns
332 2459 374 2494 L.
389 2477 434 2483 —
462 2459 503 2493 11
518 2458 649 2494 deferri
668 2459 803 2503 OPpV.
832 2478 873 2485 —
904 2458 948 2493 14
972 2458 1057 2503 quid
1075 2462 1201 2503 postea
1216 2468 1323 2502 agere
1340 2457 1474 2493 debeas
1490 2458 1556 2503 Pp,

140 2511 227 2557 quid
248 2515 330 2557 post
352 2512 422 2547 hoc
445 2522 553 2556 agere
576 2511 709 2547 debeas
737 2512 814 2547 OV.
832 2531 874 2537 —-
904 2513 946 2547 17
964 2512 1182 2557 perm.fehlt
1198 2512 1241 2546 L.
1261 2529 1303 2537 —
1332 2512 1377 2546 19
1400 2522 1445 2547 eo
1466 2512 1558 2556 fehlt

141 2565 185 2600 L.
209 2585 256 2592 —
279 2565 324 2600 21
351 2565 448 2610 quod
472 2565 611 2600 viderat
643 2566 683 2600 V.
718 2586 764 2592 -
795 2566 841 2600 22
866 2565 890 2600 f.
916 2565 989 2601 exit
1017 2566 1094 2600 01⁷.
1129 2585 1175 2593 -
1208 2566 1256 2600 25
1279 2575 1334 2610 pr.
1358 2575 1415 2600 res
1438 2564 1557 2608 agitur

143 2617 279 2663 onor.
307 2636 349 2644 —
382 2618 429 2654 26
454 2629 553 2654 cons.
577 2622 678 2654 utere
702 2619 736 2653 d.
754 2619 885 2664 oPpV.
916 2638 955 2644 -
983 2619 1030 2654 28
1046 2618 1137 2663 prof.
1155 2618 1284 2653 tollens
1307 2618 1330 2652 i.
1360 2618 1492 2662 OPpV.
1509 2635 1557 2642 —-

141 2672 189 2707 29
212 2682 322 2717 quam
348 2671 513 2707 foramen
536 2672 713 2707 intrusam
743 2683 906 2717 appones
930 2672 997 2716 sp,
1030 2682 1141 2716 quam
1174 2670 1343 2706 foramini
1376 2670 1556 2706 intrusam

143 2735 227 2770 opp.
254 2725 294 2767 O,
319 2735 430 2770 quam
454 2724 478 2760 f.
502 2725 612 2761 turris
635 2725 812 2761 intrusam
836 2735 997 2770 apponas
1030 2725 1071 2758 V.

971 2791 974 2794 Α
1377 2788 1414 2815 4,
