1800 2930
764 162 1036 201 ,84-

197 279 381 318 cathenas
409 289 551 328 easque
578 277 681 329 apud
709 289 751 317 se
788 276 957 328 reposuit
985 288 1220 327 sumensque
1256 276 1303 315 de
1330 288 1425 315 auro
1454 288 1525 315 suo
1562 276 1611 315 ad

196 338 366 389 ipsarum
394 337 548 389 pondus
576 337 733 389 ciphum
761 336 850 376 inde
878 335 1038 388 parauit,
1067 340 1244 387 paratum
1281 335 1409 375 uetule
1436 334 1608 374 reddidit.

196 397 323 445 Quem
349 397 412 437 illa
439 396 569 436 statim
595 395 636 436 in
665 395 805 436 scrinio
824 409 894 435 suo
923 394 1086 447 reponit,
1115 408 1317 445 nunquam
1335 394 1375 433 in
1395 407 1442 433 eo
1460 394 1610 442 bibens,

196 469 398 507 nunquam
425 455 533 495 illum
561 455 637 496 filio
664 455 727 495 uel
755 454 865 495 alicui
893 456 1114 495 ostendens.

153 522 177 560 5
195 514 339 604 Pueri
383 528 476 555 uero
519 514 781 555 transformati
836 519 878 554 ut
917 513 1062 554 dictum
1104 518 1162 554 est
1201 513 1239 552 in
1277 526 1420 564 cygnos
1457 511 1611 553 amissis

282 575 496 615 cathenulis
523 574 604 615 suis
631 575 680 615 ad
708 575 872 614 formam
890 575 1107 613 humanam
1135 572 1259 612 redire
1282 586 1362 612 non
1390 577 1609 623 potuerunt.

196 634 308 674 Tunc
335 647 468 674 casum
488 647 603 674 suum
627 638 669 674 ut
696 634 773 674 fata
800 633 864 673 illa
883 646 1065 685 suprema
1095 632 1364 684 disposuerant
1391 632 1430 671 in
1461 631 1610 671 olorum

195 707 345 734 morem
362 693 500 734 mutati
522 706 682 733 suarum
696 692 897 733 dulcedine
915 705 1058 732 uocum
1071 692 1238 732 multum
1258 690 1400 742 diuque
1427 691 1611 730 deflentes

195 758 395 805 assumpta
428 766 561 793 secum
589 766 720 793 sorore
747 752 787 791 in
825 751 950 803 specie
979 751 1079 803 cigni
1107 752 1379 791 transformata
1414 750 1453 789 in
1491 751 1610 790 altum

127 817 178 857 10
195 813 343 853 alarum
381 812 614 853 adminiculo
651 825 694 852 se
720 812 871 860 tollunt,
914 810 1097 862 quesituri
1138 815 1318 862 stagnum
1357 823 1425 850 seu
1466 810 1608 850 flumen

196 872 348 923 aliquod
375 871 503 912 habile
530 871 603 912 sibi
631 872 680 911 ad
706 872 958 911 manendum.
1014 870 1087 910 Diu
1115 875 1245 910 autem
1273 883 1342 920 per
1369 869 1484 909 inane
1511 869 1611 909 aeris

195 931 400 972 uolitantes
441 930 683 982 conspiciunt
725 937 907 982 stagnum
947 929 1185 981 longitudine
1227 934 1264 968 et
1302 928 1501 969 latitudine
1541 942 1611 968 sua

195 990 380 1039 mirabile,
409 990 633 1042 contiguum
653 990 804 1030 cuidam
823 995 962 1030 castro.
999 990 1117 1030 Cuius
1137 988 1419 1040 pulchritudine
1438 988 1611 1028 delectati

195 1050 236 1090 in
255 1049 383 1101 ipsum
410 1063 453 1090 se
480 1049 686 1090 demittunt
713 1062 928 1101 congruum
957 1048 1031 1088 sibi
1049 1048 1234 1088 manendi
1259 1049 1387 1087 locum
1417 1047 1612 1087 inuenisse

128 1115 176 1154 15
195 1110 416 1161 gaudentes.
472 1109 563 1149 Erat
589 1109 664 1148 hoc
692 1114 862 1148 castrum
890 1108 1010 1160 patris
1046 1108 1220 1160 ipsorum
1249 1108 1351 1158 quod
1388 1107 1439 1146 ita
1472 1111 1612 1146 natura

193 1169 268 1209 loci
294 1167 334 1208 in
364 1168 564 1208 cuiusdam
593 1169 763 1220 prerupti
790 1168 934 1207 montis
961 1181 1056 1219 rupe
1084 1167 1200 1207 situm
1229 1171 1322 1215 erat,
1356 1171 1397 1205 ut
1424 1179 1447 1205 a
1474 1170 1611 1216 stagno

196 1229 274 1268 fere
301 1227 472 1279 undique
491 1227 718 1279 cingeretur.
773 1227 895 1267 Porro
922 1227 1006 1279 ipsa
1034 1239 1148 1278 rupes
1168 1227 1215 1266 de
1233 1230 1366 1266 monte
1394 1225 1611 1264 exuberans

194 1292 301 1327 tante
328 1291 410 1327 erat
437 1286 661 1336 altitudinis,
689 1292 732 1326 ut
759 1286 881 1338 magis
911 1286 1079 1326 nubibus
1106 1287 1244 1325 herere
1271 1285 1466 1324 uideretur
1494 1297 1610 1335 quam

195 1351 306 1395 terre,
335 1359 383 1386 ex
410 1351 518 1398 parte
554 1346 698 1386 montis
726 1351 877 1386 tantum
915 1345 1179 1385 difficillimum
1218 1343 1611 1396 angustissimumque

125 1412 177 1452 20
195 1406 256 1446 sui
282 1406 448 1458 prebens
475 1419 693 1455 ascensum,
722 1419 770 1445 ex
798 1406 918 1446 altera
944 1418 1038 1445 uero
1066 1409 1147 1444 toto
1175 1417 1333 1455 corpore
1360 1403 1401 1442 in
1429 1408 1610 1454 stagnum

195 1470 381 1518 porrecta,
420 1470 463 1505 ut
500 1479 666 1517 superne
695 1466 901 1517 pendulam
939 1464 971 1504 si
1013 1464 1175 1512 uideres,
1217 1470 1371 1516 putares
1411 1477 1499 1503 eam
1526 1463 1611 1503 ilico

194 1538 284 1565 cum
311 1530 391 1566 tota
418 1525 653 1565 edificiorum
680 1526 783 1565 mole
810 1525 849 1564 in
878 1526 1076 1565 baratrum
1102 1524 1301 1564 ruituram.
1339 1524 1383 1563 In
1411 1524 1485 1563 hac
1504 1527 1611 1574 parte

193 1589 275 1624 erat
301 1589 569 1625 constructum
598 1585 795 1636 palatium,
823 1585 1011 1624 fenestras
1038 1584 1190 1624 habens
1218 1583 1257 1622 in
1286 1588 1468 1634 stagnum
1496 1583 1610 1634 respi-

193 1644 348 1684 cientes.
404 1644 466 1684 Ad
508 1658 603 1695 quas
644 1657 686 1684 se
726 1650 819 1684 tunc
859 1645 956 1699 forte
993 1643 1108 1684 castri
1145 1643 1327 1683 dominus
1363 1642 1493 1682 nescio
1522 1642 1612 1693 quid

125 1708 176 1747 25
196 1717 329 1744 secum
356 1704 548 1744 meditans
576 1704 840 1751 inclinauerat,
877 1717 967 1744 cum
1003 1716 1091 1743 ecce
1118 1703 1193 1743 hoc
1221 1715 1343 1754 genus
1379 1702 1512 1742 auium
1538 1701 1611 1753 ipsi

195 1764 322 1803 adhuc
349 1763 586 1815 incognitum
614 1777 660 1804 eo
686 1764 772 1804 loco
805 1763 987 1804 intuetur.
1044 1763 1217 1812 Quorum
1255 1761 1538 1814 pulchritudine
1574 1767 1611 1800 et

195 1824 383 1863 suauitate
411 1836 553 1863 uocum
582 1824 790 1864 delectatus
818 1822 987 1875 precepit
1014 1828 1150 1863 cuncte
1178 1821 1318 1862 familie
1346 1834 1427 1869 sue,
1457 1834 1506 1861 ne
1525 1820 1610 1871 quis

194 1895 261 1922 eos
289 1887 431 1922 terrere
459 1888 711 1934 presumeret,
749 1884 817 1922 sed
846 1883 900 1922 eis
937 1882 1064 1934 potius
1101 1882 1277 1921 ciborum
1310 1893 1612 1931 mensarumque

194 1941 351 1992 reliquie
379 1942 515 1981 diebus
542 1942 703 1993 singulis
731 1942 1010 1994 proicerentur,
1039 1941 1221 1992 quatinus
1248 1939 1323 1980 hiis
1351 1940 1552 1980 assuefacti
1570 1939 1608 1978 in

123 2005 177 2044 30
195 2006 331 2053 stagno
359 2000 540 2041 libentius
567 2007 824 2042 morarentur.
880 2002 993 2051 Quod
1021 2014 1110 2041 cum
1139 2014 1162 2040 a
1189 2000 1312 2040 seruis
1340 1999 1472 2051 paucis
1506 2000 1612 2039 fieret

312 2134 334 2168 6
360 2132 521 2168 cathenis
551 2133 678 2178 OPpV
698 2152 735 2158 —
754 2136 920 2178 poterant
948 2134 1024 2167 OV.
1046 2151 1089 2156 —
1118 2132 1179 2175 718
1204 2131 1292 2177 disp.
1309 2131 1399 2176 fehlt
1414 2132 1448 2166 L
1477 2149 1511 2156 —-
1542 2131 1611 2165 ole-

194 2198 275 2223 rum
293 2188 364 2222 alle
380 2188 465 2223 Hes.
484 2189 602 2223 ausser
614 2188 658 2222 L.
676 2207 722 2212 —
738 2187 762 2222 8
777 2189 867 2222 mut.
885 2187 974 2231 fehlt
990 2186 1026 2222 L
1044 2207 1088 2212 —
1106 2186 1196 2231 disp.
1221 2185 1283 2221 diu
1300 2185 1425 2221 flentes
1441 2184 1611 2219 amissam

193 2240 420 2276 dulcedinem
437 2252 508 2276 ass.
524 2252 552 2276 s.
567 2241 603 2276 in
621 2253 650 2276 c.
668 2240 824 2286 speciem
841 2239 1089 2276 transformati
1109 2239 1150 2279 O,
1169 2239 1408 2284 deposuerant
1424 2238 1610 2282 cignorum

195 2305 335 2329 morem
359 2293 490 2330 imitati
514 2305 581 2330 sua
605 2294 698 2330 dulc.
723 2295 762 2330 V.
789 2315 832 2320 -
855 2294 895 2328 11
916 2292 1112 2328 habitabile
1144 2293 1231 2326 V-
1252 2292 1355 2335 11112
1373 2292 1477 2326 Mane
1490 2294 1609 2326 autem

196 2358 219 2382 a
229 2347 334 2382 terris
343 2347 415 2382 uol.
431 2348 476 2389 P,
490 2348 585 2383 Dum
602 2350 723 2383 autem
741 2358 848 2383 mane
861 2358 883 2382 a
894 2346 1000 2382 terris
1013 2346 1204 2381 volitantes
1215 2357 1251 2391 p,
1257 2346 1356 2380 Dum
1373 2348 1493 2380 autem
1504 2354 1613 2380 mane

195 2400 273 2436 vias
297 2400 389 2435 aeris
415 2400 579 2436 volarent
610 2402 651 2436 V.
679 2422 723 2427 -
752 2401 796 2436 15
819 2400 871 2436 ita
894 2402 967 2436 nat.
991 2400 1015 2435 1.
1039 2400 1128 2444 fehlt
1156 2400 1288 2443 OPpV.
1315 2419 1359 2425 -—
1387 2399 1429 2433 17
1456 2407 1612 2442 emerge-

195 2456 295 2489 retur
329 2454 367 2489 O.
399 2473 442 2478 ——
482 2455 529 2489 20
554 2465 625 2489 asc.
652 2465 715 2490 seu
740 2465 925 2490 accessum
950 2454 1000 2495 P;
1036 2456 1077 2488 in
1097 2464 1126 2497 p
1150 2463 1334 2488 accessum
1359 2453 1446 2487 aber
1470 2462 1539 2486 asc.
1566 2469 1610 2475 —

196 2507 234 2543 in
260 2510 388 2551 stagno
413 2507 529 2553 posita
554 2509 621 2552 Pp.
655 2529 699 2535 —
732 2509 775 2543 21
804 2518 959 2553 superne
986 2507 1086 2542 Gemi.
1104 2507 1190 2547 Eb.;
1214 2508 1255 2540 ut
1277 2516 1483 2550 supremam
1510 2516 1543 2549 p.
1568 2506 1611 2545 L,

197 2563 238 2596 ut
261 2561 291 2596 si
316 2560 432 2605 ipsam
456 2572 490 2606 p.
509 2572 543 2596 u.
576 2563 614 2603 0,
649 2564 690 2596 ut
714 2572 752 2597 se
777 2561 893 2606 ipsam
918 2571 953 2606 p.
971 2571 1004 2595 v.
1030 2561 1096 2605 Pp,
1130 2563 1171 2595 ut
1194 2559 1310 2604 ipsam
1335 2558 1437 2604 quasi
1462 2570 1496 2603 p.
1514 2568 1548 2591 v.
1572 2559 1612 2594 V.

198 2615 245 2650 23
269 2618 400 2650 constr.
426 2615 516 2657 fehlt
540 2616 584 2650 L.
612 2635 653 2640 —-
681 2616 727 2650 26
753 2626 795 2651 eo
823 2613 922 2651 Gom’.
940 2615 1018 2657 Eb„
1037 2615 1126 2658 fehlt
1141 2614 1211 2648 den
1235 2614 1319 2648 Hss.
1349 2632 1389 2639 —
1417 2613 1464 2647 30
1488 2611 1614 2647 tertius

202 2668 242 2711 0,
267 2667 377 2703 cicius
401 2668 467 2713 Pp,
492 2666 632 2703 diucius
669 2668 703 2704 V.
