1800 2930
793 154 1067 192 ...55-

224 270 344 312 michi
378 269 533 324 grauior
560 269 722 318 uidetur,
759 268 1008 309 subtraxeris.
1062 267 1146 307 Rex
1182 272 1312 307 autem
1339 280 1429 308 cum
1455 266 1638 307 iuuenem

221 331 372 372 crebris
418 329 594 383 perfundi
636 327 805 369 lacrimis
853 332 1098 378 mortemque
1142 327 1226 367 loco
1263 326 1436 366 beneficii
1477 338 1638 377 querere

227 390 374 431 uideret
394 389 617 440 audiretque
635 387 737 439 quod
756 400 848 427 uere
875 387 959 439 ipso
977 386 1039 427 die
1058 386 1178 426 filium
1197 386 1421 437 perdidisset
1438 385 1638 426 hesterno·

225 463 304 501 que
339 449 526 502 pollicem,
561 446 767 487 miseratus
802 445 1003 486 hominem
1039 445 1146 485 abire
1185 444 1368 497 permisit,
1411 449 1567 484 centum
1602 444 1639 485 ei

224 508 378 561 argenti
406 520 557 548 marcas
585 519 654 558 pro
691 506 827 546 solatio
854 505 1040 545 tribuens.
1096 504 1160 544 Sic
1196 505 1334 544 iterum
1363 517 1430 544 rex
1458 505 1638 555 deceptus
1684 505 1709 542 5

229 567 489 609 consiliarium
532 578 648 606 suum
687 564 779 605 adiit
819 565 927 604 aiens
967 564 1071 615 quod
1112 563 1151 602 in
1194 576 1341 603 uanum
1387 576 1545 615 operam
1583 562 1639 602 in·

223 628 467 679 sumpsisset.

226 684 329 775 Sed
370 698 490 726 senex
517 684 567 724 ad
594 697 744 735 regem:
783 684 926 730 Vnum,
963 683 1028 729 ait,
1067 682 1194 722 adhuc
1230 686 1405 730 superest
1432 681 1639 732 agendum,

310 758 387 797 quo
427 744 503 784 nisi
530 744 654 784 furem
683 742 928 794 superstitem
956 742 1098 793 capias,
1136 741 1213 781 iam
1242 741 1382 780 frustra
1417 741 1467 779 ad
1502 739 1575 780 alia
1602 745 1641 779 te

228 810 448 845 conuertas:
490 802 594 855 Elige
630 803 699 842 tibi
728 803 867 842 milites
904 802 1134 842 fortissimos
1171 800 1435 852 quadraginta,
1474 812 1640 851 quorum
1663 799 1713 838 10

227 863 364 915 uiginti
391 863 511 915 nigris
545 862 663 902 armis
691 862 887 913 nigrisque
923 860 1033 912 equis
1068 860 1294 899 muniantur
1332 858 1471 910 aliique
1507 857 1642 909 uiginti

224 923 328 964 albis
367 923 476 974 equis
517 922 712 973 armisque
752 921 925 961 eiusdem
965 920 1103 960 coloris
1145 919 1223 959 sint
1265 918 1414 958 armati.
1481 918 1643 968 Hiisque

227 983 393 1023 cadauer
419 981 525 1034 ligno
562 981 723 1033 pedibus
751 993 985 1032 suspensum
1022 985 1134 1019 nocte
1171 991 1216 1018 ac
1252 978 1312 1018 die
1348 977 1643 1017 custodiendum

225 1041 461 1090 committas,
498 1040 634 1092 uiginti
661 1040 759 1080 albis
786 1040 891 1087 hinc,
928 1039 1018 1079 inde
1046 1037 1182 1090 uiginti
1222 1036 1342 1088 nigris
1378 1038 1479 1076 circa
1514 1036 1642 1087 ipsum

227 1100 428 1141 ordinatis.
485 1100 550 1139 Hii
577 1100 747 1152 profecto
775 1099 807 1139 si
836 1099 1038 1150 uigilanter
1065 1097 1325 1145 custodierint,
1354 1101 1464 1136 tuum
1492 1095 1643 1146 capient
1665 1095 1713 1134 15

227 1161 368 1208 furem,
397 1159 486 1211 quia
512 1173 594 1199 non
622 1159 785 1211 patietur
813 1159 894 1210 ipse
921 1158 1063 1197 diutius
1092 1157 1258 1208 pendere
1285 1155 1446 1203 socium,
1474 1155 1591 1194 etiam
1610 1153 1644 1194 si

226 1219 326 1260 sciat
353 1233 395 1259 se
421 1224 588 1259 mortem
607 1218 783 1270 protinus
811 1217 1043 1257 subiturum.
1099 1216 1182 1256 Rex
1201 1221 1330 1255 autem
1359 1220 1472 1266 prout
1496 1214 1645 1253 dixerat

226 1292 351 1320 senex
379 1279 518 1319 milites
554 1278 675 1330 nigris
709 1277 884 1328 albisque
920 1277 1094 1316 munitos
1130 1275 1248 1315 armis
1276 1275 1377 1314 circa
1410 1286 1643 1325 suspensum

226 1340 396 1380 cadauer
423 1338 628 1378 ordinauit.
667 1338 720 1377 At
747 1350 840 1377 uero
868 1337 929 1376 fur
956 1336 1018 1376 ille
1036 1349 1151 1375 suum
1179 1334 1376 1386 patrisque
1394 1332 1645 1385 obprobrium

231 1398 331 1439 serre
358 1411 438 1438 non
467 1398 602 1438 ualens
638 1397 865 1447 malensque
898 1396 1018 1435 semel
1054 1394 1153 1434 mori
1193 1408 1307 1445 quam
1346 1393 1411 1433 diu
1447 1392 1646 1432 infeliciter
1664 1392 1718 1431 ΞΟ

231 1457 365 1497 uiuere
382 1457 607 1497 deliberauit
626 1456 666 1495 in
687 1456 819 1496 animo
839 1457 943 1506 quod
971 1460 1037 1495 aut
1064 1460 1214 1506 patrem
1242 1452 1343 1504 turpi
1363 1452 1528 1492 ludibrio
1556 1452 1645 1492 sub-

232 1517 401 1557 traheret
427 1523 494 1556 aut
511 1516 595 1568 ipse
612 1529 700 1555 cum
727 1529 774 1555 eo
792 1515 933 1567 pariter
961 1520 1186 1554 moreretur.
1217 1512 1355 1553 Subtili
1373 1525 1464 1563 ergo
1491 1510 1646 1562 ingenio

229 1590 342 1616 arma
370 1576 508 1628 partita
535 1576 705 1623 fabricat,
748 1580 828 1615 tota
855 1575 997 1614 scilicet
1023 1574 1074 1613 ab
1107 1586 1188 1613 una
1224 1578 1330 1624 parte
1357 1572 1445 1611 alba
1472 1576 1511 1611 et
1536 1570 1647 1622 nigra

229 1636 283 1676 ab
309 1635 439 1676 altera.
481 1635 631 1684 Quibus
659 1639 831 1674 armatus
859 1647 1002 1684 equum
1023 1633 1112 1673 hinc
1141 1633 1241 1680 albo,
1270 1632 1359 1671 inde
1378 1630 1488 1682 nigro
1515 1642 1647 1682 panno

231 1700 456 1746 coopertum
497 1694 680 1742 ascendit,
722 1693 853 1744 sicque
888 1693 1041 1732 lucente
1078 1693 1172 1731 luna
1211 1704 1278 1742 per
1314 1690 1462 1730 medios
1509 1688 1647 1729 transit
1665 1689 1718 1727 25

234 1753 386 1802 milites,
415 1759 457 1794 ut
484 1754 596 1805 nigra
623 1767 713 1805 pars
741 1766 941 1793 armorum
967 1752 1051 1792 eius
1087 1750 1223 1802 uiginti
1250 1751 1359 1790 albos
1388 1749 1583 1789 deluderet
1609 1753 1647 1788 et

232 1814 322 1854 alba
348 1827 438 1866 pars
457 1813 647 1865 deciperet
675 1813 806 1864 nigros
834 1817 1091 1864 putarentque
1119 1811 1218 1861 nigri
1236 1823 1360 1849 unum
1379 1822 1464 1849 esse
1482 1821 1530 1848 ex
1549 1807 1646 1847 albis

230 1879 273 1914 et
308 1873 383 1914 albi
416 1886 540 1912 unum
576 1885 624 1912 ex
662 1872 781 1924 nigris
810 1872 902 1911 fore.
958 1871 1022 1911 Sic
1048 1884 1140 1922 ergo
1169 1869 1430 1922 pertransiens
1464 1867 1571 1907 uenit
1597 1867 1647 1906 ad

234 1938 383 1985 patrem
411 1933 705 1984 depositumque
741 1946 765 1972 a
792 1932 897 1983 ligno
934 1930 1157 1982 asportauit.
1214 1930 1330 1969 Facto
1366 1933 1495 1968 autem
1531 1938 1647 1966 mane

233 1993 374 2033 milites
401 1992 576 2032 uidentes
603 1992 728 2032 furem
756 1990 888 2031 furtim
923 1991 1119 2030 sublatum
1163 1988 1236 2028 sibi
1264 1986 1416 2028 confusi
1450 1986 1648 2026 redierunt
1665 1985 1719 2024 30

329 2117 353 2152 2
377 2127 425 2152 cr.
451 2116 711 2161 profundisque
735 2116 819 2151 laer.
837 2114 1054 2150 beneficium
1079 2112 1205 2148 mortis
1230 2122 1330 2157 quer.
1354 2110 1427 2146 uid.
1457 2109 1645 2155 OPpV.--

232 2170 260 2206 3
281 2170 372 2206 host.
397 2169 456 2205 die
479 2170 546 2214 Pp.
566 2188 604 2194 -—
635 2171 659 2205 5
684 2181 749 2215 pro
774 2169 1026 2204 consolacione
1054 2168 1093 2210 Ο,
1118 2177 1184 2212 pro
1209 2165 1339 2200 salario
1363 2164 1403 2198 P.
1438 2182 1484 2188 -
1508 2164 1531 2197 6
1548 2173 1645 2197 cons.

232 2234 264 2260 s.
288 2224 415 2259 adiens
438 2222 489 2259 ait
520 2224 561 2258 V.
596 2242 642 2248 -
666 2234 814 2268 operam
841 2222 1031 2267 incepisset
1059 2221 1098 2263 0,
1133 2231 1191 2264 op.
1216 2217 1449 2263 impendisset
1471 2217 1513 2258 V,
1538 2226 1648 2261 opera

234 2277 427 2322 incepisset
452 2278 519 2322 Pp.
535 2296 583 2301 -
602 2277 647 2311 10
671 2276 751 2312 fort.
777 2276 868 2319 fehlt
897 2275 1023 2319 OPpV
1042 2293 1089 2298 —
1114 2284 1172 2318 qu.
1198 2273 1321 2308 decem
1351 2271 1391 2306 Ο.
1414 2290 1460 2297 —·
1488 2270 1527 2304 11
1556 2268 1648 2304 albis

231 2331 348 2366 armis
370 2330 534 2374 albistme
562 2330 665 2374 equis
697 2330 769 2365 sint
794 2340 826 2364 a.
855 2329 988 2389 OspV.
1022 2347 1064 2352 —-
1093 2327 1138 2362 13
1162 2326 1219 2361 die
1243 2336 1286 2361 ac
1310 2326 1415 2360 nocte
1443 2323 1575 2368 OPpV.
1601 2341 1646 2347 —

238 2384 285 2420 14
306 2384 430 2420 decem
463 2383 576 2429 nigris
604 2385 643 2420 0.
674 2403 720 2410 -—
756 2383 801 2418 18
830 2383 905 2418 mil.
937 2380 1048 2427 nigris
1072 2391 1163 2416 arm.
1187 2389 1288 2415 mun.
1317 2378 1481 2438 albisque
1514 2376 1646 2420 OPpV.

237 2457 285 2464 —
317 2438 361 2472 19
390 2436 451 2472 ille
474 2436 531 2472 sui
562 2437 673 2482 patris
707 2436 809 2481 obpr.
837 2435 970 2480 OPpV.
1000 2454 1045 2461 -
1079 2434 1125 2468 22
1159 2443 1244 2478 ergo
1274 2431 1397 2467 animo
1434 2429 1566 2474 OPpV.
1601 2447 1646 2453 -

233 2490 285 2527 23
308 2490 499 2526 fabricauit
530 2491 560 2525 V
597 2509 641 2515 —
679 2489 770 2524 fabr.
801 2489 863 2525 sed
900 2488 947 2523 ab
971 2499 1007 2523 ιι.
1032 2498 1066 2532 p.
1096 2486 1167 2522 OV
1198 2506 1243 2512 —
1268 2485 1315 2520 ab
1339 2484 1400 2519 alt.
1424 2493 1512 2519 uero
1545 2481 1648 2527 nigra

237 2543 373 2589 OPpV.
393 2562 436 2568 —
462 2543 510 2578 24
533 2547 715 2578 armatum
731 2554 763 2578 e.
782 2543 866 2587 oPp
889 2562 935 2568 —
958 2541 1043 2576 hinc
1068 2540 1173 2585 nigro
1201 2539 1277 2574 OV.
1295 2558 1340 2564 —
1359 2538 1405 2572 25
1421 2540 1585 2582 opertum
1603 2535 1647 2570 I..

237 2597 496 2632 —26decem
520 2596 681 2632 albosO.
697 2595 889 2631 -27alia
911 2605 995 2639 pars
1022 2594 1099 2628 OV.
1118 2592 1219 2627 -28
1242 2594 1279 2627 et
1301 2590 1374 2626 albi
1399 2588 1562 2625 similiter
1585 2598 1646 2623 un.

235 2660 317 2686 me
333 2660 377 2685 ex
401 2649 514 2695 nigris
532 2650 669 2702 OPpV.
696 2667 740 2674 —
765 2649 813 2683 30
836 2648 951 2683 furem
969 2646 1038 2682 sibi
1055 2646 1215 2681 furatum
1231 2643 1326 2679 conf.
1342 2643 1494 2679 redeunt
1512 2640 1648 2685 olpV.
