1800 2930
785 143 1058 182 -71-

212 257 375 298 alicuius
409 256 548 297 iniurie
583 257 820 297 simultatem
856 257 977 298 filium
1016 263 1127 298 tuum
1164 258 1259 299 falso
1294 264 1520 300 accusatum
1553 259 1635 300 fore

214 322 330 368 teque
355 330 401 356 ac
427 317 620 369 principes
646 321 745 362 tuos,
784 317 888 367 quod
915 318 1025 357 salua
1052 317 1267 358 reuerentia
1303 323 1433 358 uestra
1459 318 1635 368 dixerim,

215 375 298 416 ueri
316 375 565 416 similitudine
582 375 701 416 ruisse
728 375 895 416 delusos.
950 376 1031 416 Nec
1059 377 1225 417 multum
1243 377 1365 417 miror
1381 378 1414 417 si
1441 378 1635 418 bonorum

215 435 418 486 prudentia
454 435 586 476 seduci
622 434 756 487 potuit,
795 448 885 475 cum
922 441 959 475 et
994 436 1186 475 malorum
1222 437 1416 476 interdum
1454 436 1635 489 iniquitas

214 494 425 535 mentiatur
452 494 524 535 sibi
561 499 600 535 et
627 494 779 534 fallatur
815 494 968 534 malicia
995 507 1281 546 peruersorum.
1337 496 1451 544 Quod
1488 502 1530 537 ut
1566 496 1635 536 tibi
1680 490 1707 529 5

220 553 437 594 euidentius
464 554 614 605 prolato
640 554 844 593 ostendam
873 554 1064 605 exemplo,
1099 555 1284 595 ausculta.
1340 555 1452 595 Tunc
1485 555 1634 596 cunctis

215 612 316 665 regis
342 612 450 653 iussu
478 612 631 653 silentio
657 613 907 652 manentibus
935 613 1091 665 sapiens
1118 613 1269 665 incipit:

389 709 626 767 [Historia
655 709 785 754 sexti
816 710 1066 765 sapientis:
1098 710 1321 756 Latronis
1351 712 1476 769 nm]

211 786 361 875 Latro
386 787 544 838 quidam
572 787 853 827 famosissimus
881 787 1032 828 diuitias
1061 788 1133 828 sibi
1161 789 1284 837 furtis,
1322 790 1466 842 rapinis
1496 796 1537 830 et
1563 790 1633 830 ho·

303 845 464 886 micidiis
478 859 712 898 congregare
739 847 877 886 uolens
896 848 1039 887 multos
1052 848 1171 887 huius
1188 862 1306 900 praue
1325 849 1387 888 uie
1401 855 1438 889 et
1452 862 1635 901 peruerse

212 905 363 946 emulos
389 905 463 946 sibi
490 906 751 958 copulauerat.
806 906 983 955 Quorum
1011 907 1190 959 princeps
1218 907 1340 947 factus
1369 921 1449 948 non
1477 909 1633 949 urbium
1656 904 1706 943 10

210 964 460 1012 munitiones,
490 978 569 1005 non
589 965 755 1017 presidia
773 971 989 1005 castrorum
1008 966 1080 1006 sibi
1099 967 1363 1007 habitaculum
1392 967 1531 1019 posuit,
1559 968 1629 1008 sed

210 1029 381 1064 remotas
408 1025 647 1072 solitudines,
683 1025 888 1077 speluncas
916 1031 953 1065 et
981 1038 1169 1066 cauernas
1206 1032 1403 1077 petrarum
1439 1032 1477 1067 et
1513 1040 1634 1079 opaca

209 1095 364 1134 queque
390 1089 428 1124 et
454 1084 585 1123 abdita
617 1084 818 1124 siluarum.
874 1084 1018 1124 Diebus
1055 1090 1182 1125 autem
1221 1091 1259 1125 et
1295 1086 1475 1126 noctibus
1511 1086 1633 1126 inoes-

210 1147 344 1183 santer
370 1156 484 1183 secus
510 1143 741 1183 difficiliores
769 1143 956 1194 regalium
984 1144 1136 1184 uiarum
1163 1145 1349 1184 transitus
1377 1158 1463 1185 cum
1493 1145 1631 1185 satelli·

208 1201 316 1242 tibus
342 1201 425 1242 suis
450 1202 606 1243 latitans
624 1203 918 1243 transeuntibus
936 1203 1190 1243 insidiabatur
1207 1209 1245 1243 et
1272 1217 1537 1255 quoscumque
1556 1203 1629 1244 sibi
1654 1200 1704 1240 15

210 1261 366 1301 fortuna
391 1262 594 1302 obtulisset
619 1263 796 1310 aduersa,
834 1263 1111 1314 cuiuscumque
1139 1269 1269 1303 essent
1302 1264 1532 1303 conditionis
1569 1263 1632 1304 uel

208 1333 340 1367 suus,
367 1322 484 1361 rebus
510 1326 549 1362 et
566 1321 646 1362 uita
673 1323 821 1373 absque
848 1322 927 1362 ulla
954 1322 1217 1363 misericordia
1234 1323 1434 1374 spoliabat.
1490 1323 1535 1362 ln
1553 1323 1629 1363 hac

207 1393 304 1432 ergo
330 1381 480 1422 malicia
506 1386 586 1422 tota
613 1381 693 1421 uita
719 1394 791 1421 sua
818 1395 942 1432 usqua
959 1383 1008 1421 ad
1036 1387 1274 1422 senectutem
1303 1388 1512 1431 transacta,
1541 1395 1632 1422 cum

210 1439 290 1480 iam
317 1440 519 1480 immensis
547 1440 630 1481 auri
657 1446 696 1481 et
722 1441 870 1492 argenti
889 1442 1009 1493 copiis
1036 1442 1108 1482 sibi
1136 1442 1237 1482 male
1263 1442 1461 1493 acquisitis
1488 1442 1631 1482 ditatus

208 1505 326 1548 esset,
353 1500 481 1540 sciens
500 1500 618 1541 nichil
643 1500 866 1551 inpunitum
885 1501 966 1541 fore
992 1501 1189 1552 nichilque
1207 1502 1310 1552 quod
1339 1515 1419 1541 non
1438 1501 1631 1542 reueletur
1649 1497 1703 1536 20

209 1559 406 1599 occultum
447 1561 626 1611 quodque
666 1573 747 1600 non
794 1560 937 1600 diutius
977 1561 1162 1612 glorietur
1205 1561 1246 1600 in
1292 1561 1444 1601 malicia
1492 1566 1630 1612 potens

211 1618 424 1669 iniquitate,
464 1619 555 1660 huic
596 1621 755 1660 tandem
795 1633 883 1660 sero
911 1633 1029 1672 praue
1065 1620 1307 1660 renunciauit
1346 1619 1629 1668 consuetudini,

211 1677 403 1729 reliquum
430 1678 510 1719 uite
536 1692 607 1719 sue
632 1679 673 1719 in
700 1680 905 1720 honestate
932 1686 970 1719 et
998 1680 1232 1720 emulatione
1255 1680 1443 1720 uirtutum
1470 1680 1628 1719 ducens.

210 1737 380 1789 Eratque
419 1739 568 1779 cunctis
604 1738 791 1779 miraculo
831 1740 933 1790 quod
970 1745 1051 1779 tam
1079 1746 1238 1791 repente
1276 1740 1415 1791 pellem
1442 1743 1630 1779 mutasset

211 1796 374 1849 Ethiops
401 1802 440 1837 et
474 1798 617 1849 pardus
657 1798 908 1838 diuersicolor
941 1799 1231 1839 diuersicoloroe
1269 1799 1440 1839 maculas
1476 1798 1628 1838 abster-
1646 1794 1699 1833 25

210 1856 337 1897 sisset.
391 1857 514 1897 Porro
541 1870 631 1898 cum
659 1859 707 1898 ad
735 1859 967 1910 decrepitam
988 1859 1227 1910 peruenisset
1254 1863 1407 1906 etatem,
1435 1862 1513 1897 tres
1531 1857 1629 1897 filios

210 1929 306 1956 suos
329 1929 377 1956 ex
396 1930 517 1957 uxore
544 1923 743 1969 susceptos
762 1917 1051 1958 honestioribus
1069 1931 1187 1969 quam
1206 1919 1288 1970 ipse
1306 1918 1440 1957 fuisset
1457 1916 1629 1956 eruditus

208 1975 430 2028 disciplinis*
448 1976 640 2017 instruere
667 1977 805 2017 uolens
822 1977 997 2017 diuersas
1025 1977 1080 2017 eis
1108 1982 1147 2018 et
1173 1977 1403 2029 multiplices
1430 1975 1629 2028 proposuit

208 2040 328 2083 artes,
363 2035 581 2076 libertatem
609 2035 785 2076 tribuens
812 2036 978 2088 eligendi
1006 2037 1077 2076 sibi
1105 2050 1223 2088 quam
1251 2036 1337 2087 quis
1373 2036 1500 2082 uellet,
1529 2047 1627 2092 §cum

211 2094 324 2134 tertia
364 2096 564 2135 dumtaxat
605 2108 675 2135 sue
715 2096 930 2136 substantie
970 2097 1157 2148 portione.
1212 2096 1288 2145 Qui
1324 2108 1458 2136 secum
1493 2093 1626 2134 habito
1644 2091 1700 2130 30

210 2153 373 2194 consilio
401 2155 549 2194 nullam
584 2155 700 2195 aliam
737 2161 861 2195 artem
898 2169 1016 2206 quam
1055 2169 1142 2196 eam
1184 2169 1260 2206 qua
1295 2161 1404 2207 pater
1437 2154 1627 2204 illousque

212 2213 363 2253 uixerat
388 2226 432 2254 se
458 2214 628 2265 recipere
646 2228 727 2254 uno
755 2228 822 2255 ore
839 2216 1135 2266 responderunt.
1192 2215 1341 2264 Quibus
1368 2219 1494 2266 pater:
1522 2212 1625 2261 Quo-

214 2272 332 2320 niam,
361 2273 495 2324 inquit,
532 2274 589 2314 sic
616 2274 756 2325 placuit
792 2275 905 2314 uobis
941 2280 984 2314 ut
1011 2275 1140 2315 relicta
1175 2275 1378 2315 honestate
1413 2284 1626 2324 securaque

331 2375 389 2418 617
414 2375 517 2410 Tunc
617 2374 687 2410 inc.
709 2375 799 2419 fehlt
815 2375 881 2420 ἢ).
906 2394 951 2400 —-
976 2375 999 2409 9
1023 2374 1098 2410 uite
1114 2375 1153 2409 P.
1179 2394 1225 2400 —
1251 2374 1297 2408 10
1319 2372 1388 2408 sibi
1411 2371 1565 2408 sociauit
1582 2371 1624 2408 V.

211 2447 261 2455 -
289 2427 334 2463 14
355 2428 431 2464 diff.
455 2438 582 2474 regum
608 2432 645 2464 et
670 2439 743 2470 reg.
770 2428 915 2463 vrbinm
952 2432 995 2463 tr.
1023 2427 1158 2473 OspV.
1183 2447 1230 2454 —
1257 2427 1300 2462 19
1323 2425 1492 2462 immensi
1509 2426 1553 2460 L.
1580 2443 1623 2451 —

210 2481 358 2517 dotatus
373 2483 414 2518 P.
438 2502 483 2508 —
507 2482 554 2517 22
571 2482 849 2518 rennnciauerat
868 2482 996 2526 OPpV
1007 2501 1053 2508 -
1070 2482 1118 2517 23
1133 2481 1271 2526 reliqua
1287 2480 1389 2525 OpV.
1409 2498 1451 2505 —
1475 2478 1523 2514 24
1538 2478 1626 2513 Erat

213 2535 259 2570 L.
295 2555 340 2562 —
373 2535 422 2571 25
444 2546 480 2581 p.
497 2535 772 2571 dinersicolorae
799 2546 892 2571 mac.
918 2536 961 2577 L,
994 2546 1029 2580 p.
1055 2534 1187 2570 diuersi
1217 2533 1349 2569 coloris
1381 2543 1472 2568 mac.
1503 2532 1544 2569 V.
1576 2549 1624 2557 —

211 2588 322 2632 25127
346 2588 396 2625 fil.
420 2589 557 2625 similes
580 2599 624 2625 ex
650 2589 721 2634 Pp.
747 2609 793 2616 —
817 2589 864 2624 28
888 2588 1058 2634 proponit
1084 2588 1167 2624 OV.
1191 2606 1238 2613 —
1262 2587 1305 2622 31
1332 2597 1367 2632 p.
1392 2586 1536 2622 illorum
1552 2584 1625 2620 huc

211 2651 329 2687 nsque
348 2642 443 2688 OPP-
