1800 2930
798 189 1071 227 —14-

231 301 437 390 Florebat
465 315 533 354 per
559 301 662 342 idem
690 307 842 354 tempus
870 302 994 343 Rome
1021 302 1083 343 ille
1111 302 1392 343 famosissimus
1421 308 1532 355 poeta
1556 302 1640 343 Vir-

317 361 440 413 gilius,
460 361 525 413 qui
543 363 591 402 de
609 362 810 410 Manthua‚
831 362 958 402 Sicilie
977 362 1139 411 ciuitate,
1161 362 1347 402 oriundus
1366 363 1510 414 optime
1527 368 1643 403 notus

174 429 181 437 ·
231 426 312 461 erat
339 421 430 472 regi,
461 421 549 472 quia
568 426 604 461 et
632 434 722 472 sepe
740 422 863 462 fuerat
890 422 939 462 ab
967 435 1013 462 eo
1032 421 1258 461 muneribus
1276 422 1502 461 honoratus.
1541 422 1643 461 Huic

231 493 321 532 ergo
350 481 399 520 ob
428 480 611 520 noticiam
639 481 698 520 sui
727 486 764 521 et
793 481 882 531 quia
909 487 1002 521 tunc
1029 481 1214 532 temporis
1250 480 1351 520 inter
1388 481 1641 532 philosophos

187 542 210 579 5
231 539 435 592 precipuus
461 540 690 589 habebatur,
719 553 807 580 cum
836 541 1063 580 muneribus
1092 540 1242 592 magnis
1271 546 1379 591 pater
1417 540 1643 580 transmittit

231 599 363 648 filium,
393 600 600 639 obsecrans
628 612 717 639 eum
746 613 814 651 per
833 601 925 639 deos
955 613 1046 639 suos
1074 599 1255 650 quatinus
1280 612 1442 650 puerum
1466 604 1503 638 et
1521 599 1642 639 scien-

230 657 288 698 cia
316 672 386 699 sua
405 659 610 699 instrueret
638 664 675 698 et
694 673 717 698 a
733 660 994 710 malignorum
1013 659 1162 699 insidiis
1181 658 1398 710 diligentius
1419 658 1638 698 custodiret.

230 718 406 758 Timebat
434 718 538 758 enim
567 724 683 769 pater·
701 732 750 758 ne
778 719 919 769 aliquid
948 719 1093 758 sinistri
1121 732 1188 771 per
1215 718 1402 758 inuidiam
1435 723 1641 770 pateretur,

230 777 319 828 quia
345 778 421 818 hoc
448 792 471 817 a
499 777 640 818 diuinis
669 783 706 818 et
734 783 928 818 astrorum
957 778 1087 830 peritis
1114 783 1323 829 acceperat.
1380 778 1431 817 At
1460 777 1641 829 Virgilius

163 837 212 876 10
230 838 279 876 ob
290 838 552 878 reuerenciam
563 843 600 877 et
611 838 823 877 amiciciam
843 838 943 890 regis
962 851 1126 889 puerum
1146 837 1332 889 recipiens
1342 836 1467 888 primo
1486 837 1641 888 quidem

228 896 263 936 ei
281 897 492 937 litterarum
514 897 667 937 tradidit
686 898 875 937 elementa
893 910 938 937 ac
957 896 1095 939 deinde
1114 897 1347 937 blandiendo
1372 897 1640 947 leniendoque,

228 961 270 995 ut
284 956 404 996 moris
419 961 476 996 est
488 956 771 1007 magistrorum,
788 957 963 996 sillabam
977 970 1024 996 ex
1036 956 1171 996 litteris
1184 956 1372 996 conficere
1387 962 1423 995 et
1436 969 1482 995 ex
1497 956 1640 995 sillabis

228 1016 394 1055 formare
422 1015 628 1055 dictionem
666 1021 704 1055 et
731 1029 779 1055 ex
816 1015 1046 1056 dictionibus
1082 1028 1176 1055 uero
1212 1016 1393 1067 perficere
1427 1015 1639 1054 orationem

227 1088 316 1114 eum
344 1075 384 1114 in
404 1075 581 1127 angustia
609 1076 792 1126 temporis
810 1075 1019 1127 perdocuit.
1058 1075 1197 1126 Sicque
1225 1075 1408 1127 paulatim
1436 1074 1640 1126 proficiens

158 1133 206 1172 15
226 1147 320 1186 puer
347 1134 424 1174 iam
452 1148 520 1186 per
539 1147 581 1174 se
600 1140 636 1174 et
663 1136 788 1186 legere
817 1140 852 1175 et
872 1141 1076 1186 utramque
1088 1134 1273 1186 linguam,
1293 1147 1446 1186 grecam
1464 1133 1641 1173 uidelicet

225 1199 262 1234 et
279 1193 452 1241 latinam,
473 1194 643 1246 proferre
663 1195 772 1246 cepit.
811 1195 1019 1235 Letabatur
1039 1194 1216 1246 Virgilius
1237 1199 1274 1234 et
1292 1198 1441 1234 tantam
1460 1193 1499 1232 in
1520 1206 1641 1244 puero

225 1252 466 1294 uelocitatem
480 1254 624 1305 ingenii
638 1254 850 1294 mirabatur
869 1267 1056 1306 spemque
1074 1255 1122 1294 de
1136 1267 1181 1294 eo
1200 1252 1421 1304 concipiens
1440 1251 1639 1292 meliorem

225 1313 451 1364 ampliorem
480 1314 514 1353 ei
533 1314 666 1353 curam
685 1314 944 1365 impendebat.
981 1314 1084 1353 Puer
1112 1326 1206 1353 uero
1226 1312 1400 1353 animum
1419 1311 1529 1351 dictis
1557 1325 1638 1350 ma·

224 1372 331 1423 gistri
350 1374 618 1421 accomodans,
649 1373 712 1424 qui
732 1374 957 1414 naturaliter
976 1373 1161 1425 elegantis
1180 1377 1262 1412 erat
1279 1371 1435 1424 ingenii,
1456 1371 1636 1422 quicquid

153 1434 206 1474 20
225 1432 344 1472 semel
371 1433 541 1473 audisset
569 1433 697 1473 subtili
726 1434 855 1473 statim
874 1433 1029 1485 ingenio
1056 1432 1290 1473 intellectum
1309 1431 1433 1471 uiuaci
1451 1430 1641 1470 memorie

224 1493 533 1541 commendabat,
562 1506 635 1533 nec
654 1506 751 1544 opus
771 1499 852 1533 erat
871 1493 906 1533 ei
925 1493 1095 1533 secundo
1114 1505 1230 1544 super
1247 1493 1322 1531 hoc
1341 1490 1535 1542 requirere
1554 1503 1636 1542 pre-

222 1557 427 1603 ceptorem.
444 1552 555 1592 Vnde
574 1553 717 1592 factum
737 1557 806 1601 est,
823 1558 864 1592 ut
882 1553 983 1592 infra
996 1551 1112 1592 unius
1127 1551 1219 1591 anni
1233 1551 1418 1591 circulum
1437 1549 1640 1590 consocios

223 1624 314 1651 suos
331 1611 497 1663 quicum
512 1617 549 1652 et
562 1617 661 1652 etate
675 1613 932 1664 precedebant
950 1612 1103 1663 iamque
1121 1611 1387 1663 quinquennio
1406 1610 1468 1650 uel
1487 1614 1638 1660 septen-

223 1671 288 1711 nio
303 1671 375 1711 sub
390 1671 591 1723 disciplina
609 1672 760 1712 fuerant
779 1672 1064 1723 magistrorum,
1084 1670 1392 1711 transscenderet
1410 1673 1638 1719 rogaretque

152 1731 203 1770 25
223 1730 423 1782 Virgilium
442 1731 623 1782 quatinus
644 1744 733 1771 eum
752 1731 951 1771 altioribus
970 1731 1160 1771 instruere
1178 1729 1411 1781 dignaretur.
1440 1729 1525 1779 lpse
1543 1740 1640 1767 uero

222 1789 359 1830 uidens
387 1790 427 1830 in
447 1803 493 1830 eo
521 1790 657 1831 infanti
675 1791 860 1831 abolitam
887 1790 1092 1831 ruditatem
1112 1789 1266 1840 iamque
1289 1788 1459 1828 habilem
1488 1787 1568 1826 fore
1587 1787 1637 1826 ad

221 1849 511 1900 percipiendum
525 1850 666 1890 artium
674 1850 929 1902 disciplinam,
945 1850 1028 1890 eius
1035 1849 1198 1890 libenter
1208 1847 1345 1889 annuit
1354 1846 1555 1887 uoluntati.
1576 1846 1638 1886 Ob

221 1908 464 1949 dilectionem
483 1909 597 1961 igitur
616 1910 736 1962 ipsius
765 1910 989 1950 earumdem
1009 1909 1151 1949 artium
1169 1907 1383 1948 liberalium
1403 1907 1635 1946 immensam

220 1967 478 2019 prolixitatem
507 1969 548 2008 in
576 1974 724 2009 tantam
752 1969 982 2010 breuitatem
1011 1969 1178 2020 quadam
1196 1966 1361 2008 mirabili
1389 1971 1426 2006 et
1454 1965 1637 2004 ineffabili

150 2029 203 2068 30
223 2027 432 2068 subtilitate
460 2028 651 2068 contraxit
678 2028 836 2080 ingenii,
865 2033 908 2068 ut
928 2041 994 2069 eas
1022 2029 1123 2068 intra
1140 2027 1297 2067 libelluli
1324 2025 1515 2066 manualis
1534 2037 1635 2064 com·

220 2086 404 2138 pendium
432 2089 676 2128 concluderet
704 2094 909 2140 possetque
928 2101 993 2128 eas
1021 2086 1148 2138 quiuis
1166 2088 1206 2126 in
1235 2086 1357 2126 tribus
1385 2084 1499 2125 annis
1526 2083 1635 2123 facile

218 2146 267 2186 ad
295 2147 506 2198 perfectum
534 2149 730 2188 addiscere
749 2161 845 2199 quas
872 2148 955 2199 ipse
973 2147 1038 2187 uix
1067 2160 1155 2187 cum
1175 2158 1317 2198 magno
1345 2145 1466 2185 eciam
1494 2144 1635 2183 sudore

219 2206 414 2258 percipere
449 2207 644 2248 ualuisset.
707 2207 825 2248 Hunc
858 2212 987 2247 autem
1019 2206 1192 2247 libellum
1231 2204 1326 2245 nulli
1360 2216 1535 2254 unquam
1572 2203 1635 2241 uel

324 2285 346 2319 2
371 2288 522 2320 mantua
550 2285 627 2328 OV,
662 2283 903 2320 mannircinia
932 2285 998 2330 Pp,
1029 2282 1267 2319 mamentinia
1290 2283 1341 2318 M.
1367 2300 1412 2307 —
1438 2282 1459 2316 3
1484 2284 1520 2316 et
1543 2281 1633 2324 fehlt

222 2337 354 2382 OPpV.
381 2356 424 2363 —
455 2339 477 2373 6
503 2338 598 2383 quod
626 2349 659 2383 p.
685 2350 792 2374 suum
822 2339 954 2383 OPpV.
982 2355 1025 2363 —
1063 2338 1108 2373 10
1132 2337 1180 2373 ob
1203 2347 1280 2372 reu.
1306 2335 1416 2381 patris
1442 2338 1477 2370 et
1502 2345 1571 2369 am.
1598 2346 1631 2379 p.

222 2391 347 2436 oPpV
358 2409 401 2416 -—
416 2392 594 2437 accipiens
615 2392 699 2438 01²1>
707 2393 748 2427 V.
763 2410 809 2417 —
825 2393 864 2427 11
881 2391 915 2428 ei
930 2392 1022 2436 fehlt
1040 2390 1175 2436 OPpV.
1189 2410 1234 2415 —
1252 2390 1294 2425 12
1310 2389 1497 2435 perdocuit
1513 2399 1557 2423 ex
1580 2389 1631 2423 lit.

218 2444 312 2480 conf.
338 2455 382 2480 ex
419 2445 488 2482 sill.
520 2447 546 2482 f.
582 2446 615 2482 d.
655 2450 690 2489 et
727 2457 771 2482 ex
802 2446 837 2482 d.
862 2449 902 2481 ut
927 2445 1113 2491 perficeret
1138 2455 1189 2480 or.
1215 2443 1343 2488 Sicque
1371 2443 1440 2477 OV
1474 2442 1524 2485 (in
1550 2453 1632 2486 ang.

218 2502 326 2543 temp.
351 2499 442 2542 fehlt
471 2500 522 2542 0).
541 2519 585 2525 —-
614 2501 656 2535 17
683 2500 890 2536 felicitatem
915 2499 937 2534 i.
968 2499 1006 2534 O.
1026 2518 1068 2524 —
1091 2499 1134 2533 19
1159 2496 1418 2533 commendans
1439 2497 1570 2541 OPpV.
1587 2517 1631 2522 —

221 2553 263 2588 19
285 2553 358 2597 qui]
385 2553 469 2597 quia
496 2555 595 2590 Coni.
614 2555 680 2590 Eb.
700 2573 742 2579 —
769 2554 816 2589 25
833 2553 913 2599 Ipse
938 2553 1034 2589 enim
1063 2551 1198 2597 OPpV.
1216 2570 1261 2576 —
1287 2551 1332 2586 26
1348 2550 1545 2586 infanciam
1571 2550 1631 2584 ob-

217 2606 317 2642 litam
342 2607 419 2642 rud.
450 2608 487 2642 O.
516 2627 558 2633 —
586 2608 630 2643 27
657 2607 926 2653 percipiendam
950 2607 1014 2652 Pp.
1044 2624 1083 2630 -
1113 2605 1158 2641 28
1182 2604 1285 2640 imm.
1309 2605 1400 2649 fehlt
1428 2604 1559 2648 OPpV.
1587 2625 1630 2629 —

217 2660 262 2695 29
286 2660 518 2696 inenarrabili
552 2662 684 2706 OPpV.
723 2681 768 2687 -
806 2661 851 2696 32
877 2660 1033 2696 ediscere
1065 2660 1098 2694 V
1126 2678 1167 2685 —
1207 2659 1266 2694 vix
1303 2658 1416 2694 eciam
1454 2669 1484 2693 c.
1522 2669 1568 2693 m.
1602 2669 1634 2692 s.

218 2713 357 2759 OPpV;
393 2715 453 2750 vix
479 2715 531 2751 .X.
558 2727 587 2751 e.
613 2726 661 2751 m.
689 2726 715 2752 s.
745 2716 843 2751 Coni.
869 2714 935 2750 ΕΙ).
