1800 2930
807 205 1081 243 -24-

240 319 454 407 Lucinius
474 324 602 359 autem
621 318 782 358 iniuncti
811 316 883 358 sibi
902 332 926 358 a
943 318 1126 370 magistro
1154 319 1320 370 precepti
1340 332 1421 359 non
1448 319 1658 359 immemor

330 391 374 418 os
415 391 529 418 suum
572 378 755 418 continuo
792 377 943 417 silentio
985 379 1311 430 condempnabat,
1350 378 1445 418 nulli
1492 379 1658 419 omnino

241 438 435 478 sociorum
459 438 737 489 alloquentium
767 450 808 477 se
835 437 1044 488 respondit.
1082 437 1137 476 Illi
1166 451 1259 477 uero
1287 442 1467 488 putantes
1495 451 1581 477 eum
1613 438 1652 477 in

239 497 386 537 artibus
414 497 591 548 occupari
625 502 689 537 aut
726 510 795 548 pro
824 495 994 547 magistri
1032 497 1207 536 absentia
1244 502 1413 536 mestum
1453 497 1546 545 fore,
1587 497 1657 536 illo

196 561 220 599 5
240 557 395 607 quidem
423 556 483 596 die
511 562 548 596 et
576 556 743 597 crastino
771 569 794 595 a
822 555 1020 606 colloquiis
1049 561 1324 607 temperarunt,
1354 569 1437 595 rem
1459 557 1657 607 quomodo

240 621 415 668 ageretur
451 616 604 667 penitus
643 616 876 667 ignorantes.
943 614 1119 665 Cumque
1157 616 1282 655 adhuc
1325 615 1389 654 illo
1424 616 1463 654 in
1501 614 1659 655 silentio

239 680 490 727 permanente
518 675 598 715 dies
627 675 765 714 tercius
794 674 980 714 illuxisset
1007 675 1161 726 iamque
1196 677 1244 715 ad
1279 676 1375 715 fines
1405 675 1530 715 Sicilie
1567 688 1654 726 pro-

239 735 502 786 pinquassent,
532 739 710 774 uerentes
751 747 800 774 ne
829 734 1011 774 diuturno
1039 734 1189 774 silentio
1226 735 1555 785 immoderataque
1590 734 1655 774 tri·

240 795 346 835 sticia
373 808 488 834 usum
505 795 687 845 loquendi
706 794 866 834 omnino
896 794 1118 843 dedisceret,
1146 794 1254 834 illum
1275 808 1379 834 nunc
1399 794 1518 841 seriis,
1548 807 1654 834 nunc

172 857 222 896 10
239 854 392 894 ludicris
420 856 574 905 pulsant
594 859 630 894 et
659 867 764 893 nunc
793 854 840 893 de
859 853 990 904 patris,
1018 867 1124 894 nunc
1152 855 1199 893 de
1227 855 1358 906 regine
1386 855 1518 906 gloria,
1548 867 1655 893 nunc

239 915 287 954 de
301 913 516 965 principum
538 915 646 965 regni
666 913 924 961 multitudine,
953 926 1058 954 nunc
1078 914 1198 954 eciam
1218 914 1265 953 de
1293 914 1498 954 mulierum
1518 914 1653 965 pulcri-

238 973 371 1013 tudine
389 974 509 1012 uerba
527 978 698 1013 mouent.
740 972 838 1012 Cum
869 972 1041 1012 uiderent
1059 972 1173 1024 igitur
1202 974 1304 1024 quod
1325 986 1396 1013 nec
1424 973 1478 1013 sic
1498 973 1653 1023 quidem

238 1033 330 1072 illud
366 1046 482 1084 graue
523 1034 763 1084 frangeretur
806 1031 1002 1072 silentium
1052 1046 1123 1072 nec
1173 1033 1323 1072 blandis
1369 1046 1440 1072 nec
1481 1032 1656 1072 tristibus

239 1097 472 1141 moueretur,
502 1094 700 1132 credentes
720 1091 907 1132 ueraciter
936 1105 1096 1131 sensum
1115 1092 1235 1131 animi
1263 1097 1301 1131 et
1326 1092 1458 1143 lingue
1485 1091 1655 1131 officium

173 1157 220 1196 15
239 1150 426 1198 amisisse,
456 1151 673 1191 conturbati
702 1156 738 1190 et
766 1151 866 1191 ultra
894 1164 1011 1202 quam
1040 1151 1114 1191 dici
1142 1151 1263 1203 possit
1290 1151 1478 1203 perterriti
1498 1151 1659 1202 capillos-

240 1210 401 1250 euellere
412 1215 449 1250 et
462 1211 608 1261 absque
625 1210 885 1250 misericordia
903 1211 1099 1261 unguibus
1117 1211 1285 1251 lacerare
1304 1212 1435 1250 uultus
1454 1216 1657 1261 ceperunt,

240 1271 287 1310 de
315 1283 357 1310 se
385 1270 458 1309 sibi
485 1271 525 1309 in
562 1271 633 1310 hec
661 1272 782 1310 uerba
810 1275 1107 1321 conquerentes:
1146 1270 1233 1310 Heu
1261 1270 1388 1318 nobis,
1426 1270 1516 1321 quid
1545 1270 1654 1309 facie-

239 1343 340 1377 mus,
375 1331 569 1381 quomodo
602 1330 748 1370 seducti
780 1343 926 1378 sumus,
967 1343 1041 1380 que
1078 1335 1212 1369 nostra
1248 1329 1414 1379 miseria,
1456 1331 1558 1380 quod
1587 1343 1657 1369 no·

240 1393 363 1428 strum
418 1389 671 1429 infortunium
723 1391 799 1429 hoc
850 1390 997 1429 malum
1057 1388 1198 1429 meruit
1248 1394 1289 1428 ut
1338 1389 1412 1429 hac
1466 1388 1657 1440 legatione

169 1455 221 1494 20
240 1449 515 1499 fungeremur?
571 1449 626 1488 Ve
655 1449 780 1497 nobis,
819 1448 941 1488 filium
978 1449 1100 1488 nostri
1137 1448 1284 1488 domini
1312 1462 1406 1488 sane
1440 1448 1581 1488 mentis
1616 1453 1660 1488 et

240 1508 597 1559 eloquentissimum
618 1522 641 1548 a
659 1508 843 1559 magistro
872 1521 943 1547 suo
962 1507 1190 1559 recepimus,
1220 1513 1257 1547 et
1276 1521 1364 1548 ecce
1383 1507 1482 1547 inter
1510 1520 1653 1547 manus

240 1572 392 1607 nostras
422 1568 616 1607 nescimus
645 1568 839 1618 quomodo
868 1567 1077 1607 obmutuit!
1134 1567 1220 1615 Qua
1247 1566 1362 1618 igitur
1399 1567 1524 1607 fronte
1551 1566 1652 1617 patri

240 1626 360 1666 filium
381 1628 540 1666 unicum
560 1632 712 1667 mutum
739 1628 957 1676 reddemus,
986 1639 1063 1677 qua
1082 1626 1235 1666 audatia
1262 1626 1420 1666 terribili
1439 1626 1656 1666 astabimus

240 1686 435 1738 aspectui?
489 1686 684 1737 Numquid
714 1699 794 1726 non
822 1685 907 1725 ilico
935 1699 1008 1725 nos
1036 1690 1080 1725 ut
1106 1686 1301 1726 maleficos
1337 1699 1469 1726 coram
1506 1685 1656 1734 amicis,

169 1751 220 1790 25
241 1745 426 1785 uxoribus
455 1751 491 1786 et
519 1746 648 1786 liberis
684 1745 845 1786 diuersis
873 1745 1103 1785 cruciatibus
1137 1745 1323 1785 laniabit?
1377 1745 1512 1795 Neque
1546 1745 1651 1783 enim

241 1805 528 1845 exeusationem
548 1811 721 1845 nostram
741 1805 873 1845 audire
893 1804 1107 1852 sustinebit,
1138 1809 1278 1855 putans
1298 1817 1370 1843 nos
1399 1804 1518 1843 filium
1538 1817 1654 1843 suum

240 1863 424 1904 instinctu
452 1864 611 1904 alicuius
638 1864 781 1904 inimici
809 1865 868 1904 sui
908 1876 1061 1904 ueneno
1090 1864 1151 1903 uel
1189 1863 1387 1903 maleficiis
1430 1863 1651 1915 perdidisse.

240 1923 380 1964 Nonne
407 1923 522 1975 igitur
549 1924 686 1964 melius
725 1937 770 1964 ac
798 1923 917 1964 tutius
945 1923 1098 1963 uidetur
1126 1928 1167 1962 ut
1187 1923 1274 1974 fuge
1303 1929 1507 1974 querentes
1536 1922 1653 1974 presi·

240 1983 347 2022 dium
373 1983 411 2022 in
442 1984 514 2023 hac
541 1983 693 2024 ciuitate
721 1983 820 2035 regis
849 1983 971 2023 filium
1011 1983 1261 2022 deseramus?
1317 1982 1392 2022 Sed
1431 1995 1506 2033 quo
1541 1981 1660 2021 nobis

168 2049 222 2088 30
240 2043 382 2094 fugere,
412 2056 488 2093 quo
507 2043 663 2091 ibimus,
692 2043 754 2082 uel
774 2056 850 2093 quo
879 2056 902 2082 a
929 2041 1022 2082 facie
1042 2041 1124 2081 eius
1152 2041 1369 2092 fugiemus?
1413 2041 1509 2090 Quis
1532 2041 1654 2088 locus,

241 2102 324 2152 quis
354 2107 453 2142 terre
472 2103 648 2154 angulus,
680 2115 754 2153 que
784 2115 952 2142 cauerna
971 2101 1032 2141 uel
1060 2101 1206 2141 latebra
1234 2114 1307 2141 nos
1335 2100 1460 2141 celare
1488 2099 1654 2152 poterit?

240 2161 365 2201 Etiam
393 2161 425 2201 si
452 2162 492 2201 in
521 2162 703 2202 extremis
731 2161 850 2201 maris
877 2161 1193 2207 habitauerimus,
1231 2160 1264 2199 si
1292 2160 1468 2200 uiuentes
1497 2161 1655 2200 descen·

240 2221 409 2260 derimus
444 2221 483 2260 in
511 2221 718 2270 infernum,
756 2221 846 2261 inde
880 2233 953 2260 nos
990 2233 1130 2259 manus
1167 2219 1319 2259 uirtutis
1356 2233 1426 2260 sue
1455 2220 1654 2259 abstrahet

240 2280 488 2331 captiuosque
514 2282 670 2320 reducet
697 2281 737 2320 in
766 2280 941 2332 patriam,
979 2284 1015 2319 et
1044 2278 1096 2318 ibi
1124 2292 1255 2319 coram
1283 2279 1428 2327 amicis,
1467 2278 1654 2318 uxoribus

335 2393 356 2427 2
382 2394 661 2439 condempnauit
680 2393 813 2438 OPpV
826 2411 866 2419 —
884 2402 981 2427 omn.
998 2392 1090 2436 fehlt
1109 2391 1187 2428 OV.
1202 2411 1245 2416 —
1271 2392 1375 2426 3soc.
1388 2390 1649 2436 aliquantulum

240 2447 462 2491 respondens
489 2446 578 2492 OPp
586 2448 626 2482 V.
642 2466 686 2472 —
704 2447 727 2482 5
744 2449 779 2482 et
796 2457 844 2482 cr.
858 2445 948 2489 fehlt
975 2445 1067 2490 OPp
1075 2446 1114 2480 V.
1131 2464 1174 2470 —
1190 2445 1209 2479 7
1224 2444 1507 2490 propinquarent
1523 2443 1659 2489 OPpV

242 2519 286 2526 -
303 2500 326 2535 8
352 2500 480 2535 diurno
495 2501 592 2545 PpV
616 2519 658 2525 —
685 2499 739 2535 sil.
765 2501 1000 2545 permanente
1016 2497 1046 2534 Ο
1071 2517 1113 2523 -
1141 2499 1163 2533 9
1188 2508 1284 2533 nunc
1310 2497 1428 2533 verbis
1453 2509 1487 2533 n.
1506 2497 1529 2533 1.
1550 2497 1659 2542 ΟΡΡΓ

240 2562 337 2588 nunc
373 2553 467 2588 ludis
502 2563 597 2588 nunc
635 2553 755 2589 verbis
791 2552 973 2597 pulsatum
1006 2552 1045 2588 V.
1083 2571 1127 2576 —
1168 2551 1205 2586 11
1235 2551 1335 2594 regni
1360 2551 1448 2594 fehlt
1477 2551 1580 2596 OpV.
1607 2572 1651 2577 —-

243 2607 287 2641 12
312 2606 458 2651 quidem
483 2607 573 2651 fehlt
601 2606 740 2652 OPpV.
768 2626 811 2632 —
841 2606 882 2641 17
908 2605 992 2641 nob.
1011 2604 1180 2650 inquiunt
1214 2605 1357 2651 OPpV.
1376 2626 1420 2631 —
1447 2605 1492 2640 23
1509 2608 1652 2640 mutum

240 2659 331 2703 fehlt
357 2659 496 2704 OPpV.
524 2681 568 2687 —-
594 2660 636 2695 31
665 2670 743 2695 cau.
756 2670 826 2704 que
850 2659 987 2695 latebre
1012 2668 1079 2694 nos
1103 2670 1132 2694 c.
1151 2661 1320 2704 poterunt
1344 2658 1453 2703 PpV.
1480 2679 1524 2685 —
1542 2658 1588 2693 33
1607 2658 1656 2694 ad

241 2711 304 2747 inf.
333 2712 467 2757 OPpV
488 2734 533 2740 —
565 2723 678 2750 manu
703 2714 738 2750 L
764 2733 808 2740 —
835 2713 882 2748 34
905 2715 945 2748 ut
970 2712 1019 2747 ibi
1045 2738 1054 2747 .
1073 2739 1081 2747 .
1100 2739 1108 2747 .
1135 2714 1336 2748 statuamur
1353 2710 1491 2756 OPpV.
