<?xml version="1.0" encoding="UTF-8"?>
<!DOCTYPE html PUBLIC "-//W3C//DTD XHTML 1.0 Transitional//EN"
    "http://www.w3.org/TR/xhtml1/DTD/xhtml1-transitional.dtd">
<html xmlns="http://www.w3.org/1999/xhtml" xml:lang="en" lang="en">
 <head>
  <title>
</title>
<meta http-equiv="Content-Type" content="text/html;charset=utf-8" />
  <meta name='ocr-system' content='tesseract 3.04.00' />
  <meta name='ocr-capabilities' content='ocr_page ocr_carea ocr_par ocr_line ocrx_word'/>
</head>
<body>
  <div class='ocr_page' id='page_1' title='image "./historiaseptemsa02hilkuoft_0099.png"; bbox 0 0 1800 2930; ppageno 0'>
   <div class='ocr_carea' id='block_1_1' title="bbox 702 197 974 237">
    <p class='ocr_par' dir='ltr' id='par_1_1' title="bbox 702 197 974 237">
     <span class='ocr_line' id='line_1_1' title="bbox 702 197 974 237; baseline 0.004 -12"><span class='ocrx_word' id='word_1_1' title='bbox 702 197 974 237; x_wconf 75' lang='grc'><strong>..31-</strong></span> 
     </span>
    </p>
   </div>
   <div class='ocr_carea' id='block_1_2' title="bbox 133 309 1630 2189">
    <p class='ocr_par' dir='ltr' id='par_1_2' title="bbox 133 309 1630 2189">
     <span class='ocr_line' id='line_1_2' title="bbox 133 309 1544 365; baseline 0.006 -17"><span class='ocrx_word' id='word_1_2' title='bbox 133 309 366 360; x_wconf 85' lang='lat' dir='ltr'><strong>opacitatem</strong></span> <span class='ocrx_word' id='word_1_3' title='bbox 393 309 601 361; x_wconf 88' lang='lat' dir='ltr'><strong>insequens</strong></span> <span class='ocrx_word' id='word_1_4' title='bbox 638 310 790 362; x_wconf 79' lang='lat' dir='ltr'><strong>longius</strong></span> <span class='ocrx_word' id='word_1_5' title='bbox 818 311 856 351; x_wconf 89' lang='lat' dir='ltr'><strong>in</strong></span> <span class='ocrx_word' id='word_1_6' title='bbox 895 311 1033 352; x_wconf 87' lang='lat' dir='ltr'><strong>siluam</strong></span> <span class='ocrx_word' id='word_1_7' title='bbox 1061 326 1288 365; x_wconf 81' lang='lat' dir='ltr'><strong>progressus</strong></span> <span class='ocrx_word' id='word_1_8' title='bbox 1325 314 1364 355; x_wconf 91' lang='lat' dir='ltr'><strong>in</strong></span> <span class='ocrx_word' id='word_1_9' title='bbox 1403 316 1544 356; x_wconf 87' lang='lat' dir='ltr'><strong>uallem</strong></span> 
     </span>
     <span class='ocr_line' id='line_1_3' title="bbox 137 369 1547 422; baseline 0.005 -14"><span class='ocrx_word' id='word_1_10' title='bbox 137 369 333 419; x_wconf 83' lang='lat' dir='ltr'><strong>quandam</strong></span> <span class='ocrx_word' id='word_1_11' title='bbox 360 369 591 420; x_wconf 77' lang='lat' dir='ltr'><strong>profundam</strong></span> <span class='ocrx_word' id='word_1_12' title='bbox 620 371 935 422; x_wconf 89' lang='lat' dir='ltr'><strong>condensamque</strong></span> <span class='ocrx_word' id='word_1_13' title='bbox 971 372 1175 413; x_wconf 72' lang='lat' dir='ltr'>arboribus</span> <span class='ocrx_word' id='word_1_14' title='bbox 1211 374 1419 414; x_wconf 64' lang='lat' dir='ltr'><strong>descendit.</strong></span> <span class='ocrx_word' id='word_1_15' title='bbox 1474 375 1547 415; x_wconf 88' lang='lat' dir='ltr'><strong>Vbi</strong></span> 
     </span>
     <span class='ocr_line' id='line_1_4' title="bbox 134 425 1548 482; baseline 0.006 -15"><span class='ocrx_word' id='word_1_16' title='bbox 134 440 251 468; x_wconf 87' lang='lat' dir='ltr'><strong>cerua</strong></span> <span class='ocrx_word' id='word_1_17' title='bbox 277 427 516 479; x_wconf 83' lang='lat' dir='ltr'>canibusque</span> <span class='ocrx_word' id='word_1_18' title='bbox 533 427 686 469; x_wconf 87' lang='lat' dir='ltr'><strong>amissis</strong></span> <span class='ocrx_word' id='word_1_19' title='bbox 713 429 807 469; x_wconf 91' lang='lat' dir='ltr'><strong>dum</strong></span> <span class='ocrx_word' id='word_1_20' title='bbox 825 430 898 470; x_wconf 89' lang='lat' dir='ltr'><strong>hac</strong></span> <span class='ocrx_word' id='word_1_21' title='bbox 926 425 1086 482; x_wconf 86' lang='lat' dir='ltr'><strong>illacque</strong></span> <span class='ocrx_word' id='word_1_22' title='bbox 1104 432 1338 473; x_wconf 85' lang='lat' dir='ltr'><strong>cornicando</strong></span> <span class='ocrx_word' id='word_1_23' title='bbox 1364 446 1548 474; x_wconf 87' lang='lat' dir='ltr'><strong>reuocan-</strong></span> 
     </span>
     <span class='ocr_line' id='line_1_5' title="bbox 135 488 1548 543; baseline 0.004 -16"><span class='ocrx_word' id='word_1_24' title='bbox 135 488 263 538; x_wconf 91' lang='lat' dir='ltr'><strong>doque</strong></span> <span class='ocrx_word' id='word_1_25' title='bbox 300 500 417 527; x_wconf 68' lang='lat' dir='ltr'><strong>canes</strong></span> <span class='ocrx_word' id='word_1_26' title='bbox 457 492 700 540; x_wconf 73' lang='lat' dir='ltr'><strong>perungatur,</strong></span> <span class='ocrx_word' id='word_1_27' title='bbox 737 488 882 529; x_wconf 80' lang='lat' dir='ltr'><strong>fontem</strong></span> <span class='ocrx_word' id='word_1_28' title='bbox 918 490 1084 541; x_wconf 90' lang='lat' dir='ltr'><strong>repperit</strong></span> <span class='ocrx_word' id='word_1_29' title='bbox 1120 491 1399 543; x_wconf 89' lang='lat' dir='ltr'><strong>nimphamque</strong></span> <span class='ocrx_word' id='word_1_30' title='bbox 1433 493 1473 532; x_wconf 90' lang='lat' dir='ltr'><strong>in</strong></span> <span class='ocrx_word' id='word_1_31' title='bbox 1502 506 1548 533; x_wconf 89' lang='lat' dir='ltr'><strong>eo</strong></span> 
     </span>
     <span class='ocr_line' id='line_1_6' title="bbox 135 546 1619 602; baseline 0.005 -17"><span class='ocrx_word' id='word_1_32' title='bbox 135 546 325 598; x_wconf 80' lang='lat' dir='ltr'><strong>uirginem</strong></span> <span class='ocrx_word' id='word_1_33' title='bbox 352 546 557 586; x_wconf 88' lang='lat' dir='ltr'><strong>cathenam</strong></span> <span class='ocrx_word' id='word_1_34' title='bbox 584 559 743 587; x_wconf 80' lang='lat' dir='ltr'><strong>auream</strong></span> <span class='ocrx_word' id='word_1_35' title='bbox 779 552 975 588; x_wconf 89' lang='lat' dir='ltr'><strong>tenentem</strong></span> <span class='ocrx_word' id='word_1_36' title='bbox 1011 562 1132 589; x_wconf 84' lang='lat' dir='ltr'><strong>manu</strong></span> <span class='ocrx_word' id='word_1_37' title='bbox 1169 551 1351 602; x_wconf 86' lang='lat' dir='ltr'><strong>nudaqua</strong></span> <span class='ocrx_word' id='word_1_38' title='bbox 1385 552 1548 591; x_wconf 81' lang='lat' dir='ltr'>menbra</span> <span class='ocrx_word' id='word_1_39' title='bbox 1593 555 1619 593; x_wconf 86' lang='lat'>5</span> 
     </span>
     <span class='ocr_line' id='line_1_7' title="bbox 134 604 1549 665; baseline 0.004 -20"><span class='ocrx_word' id='word_1_40' title='bbox 134 604 331 646; x_wconf 75' lang='lat' dir='ltr'><strong>lauantem</strong></span> <span class='ocrx_word' id='word_1_41' title='bbox 358 604 555 665; x_wconf 62' lang='lat' dir='ltr'><strong>conspigit.</strong></span> <span class='ocrx_word' id='word_1_42' title='bbox 609 605 729 646; x_wconf 82' lang='lat' dir='ltr'><strong>Cuius</strong></span> <span class='ocrx_word' id='word_1_43' title='bbox 755 606 884 646; x_wconf 88' lang='lat' dir='ltr'><strong>statim</strong></span> <span class='ocrx_word' id='word_1_44' title='bbox 909 606 1164 658; x_wconf 78' lang='lat' dir='ltr'>pulcritudine</span> <span class='ocrx_word' id='word_1_45' title='bbox 1191 613 1229 648; x_wconf 91' lang='lat' dir='ltr'><strong>et</strong></span> <span class='ocrx_word' id='word_1_46' title='bbox 1255 622 1387 649; x_wconf 88' lang='lat' dir='ltr'><strong>amore</strong></span> <span class='ocrx_word' id='word_1_47' title='bbox 1414 615 1549 662; x_wconf 80' lang='lat' dir='ltr'><strong>captus</strong></span> 
     </span>
     <span class='ocr_line' id='line_1_8' title="bbox 136 663 1549 720; baseline 0.004 -16"><span class='ocrx_word' id='word_1_48' title='bbox 136 664 200 704; x_wconf 82' lang='lat' dir='ltr'><strong>illa</strong></span> <span class='ocrx_word' id='word_1_49' title='bbox 218 677 297 704; x_wconf 90' lang='lat' dir='ltr'><strong>non</strong></span> <span class='ocrx_word' id='word_1_50' title='bbox 316 663 528 715; x_wconf 67' lang='lat' dir='ltr'><strong>praeciente</strong></span> <span class='ocrx_word' id='word_1_51' title='bbox 545 664 707 705; x_wconf 83' lang='lat' dir='ltr'><strong>accurrit</strong></span> <span class='ocrx_word' id='word_1_52' title='bbox 727 666 1010 718; x_wconf 86' lang='lat' dir='ltr'><strong>cathenamque</strong></span> <span class='ocrx_word' id='word_1_53' title='bbox 1027 667 1067 706; x_wconf 90' lang='lat' dir='ltr'><strong>in</strong></span> <span class='ocrx_word' id='word_1_54' title='bbox 1086 680 1164 718; x_wconf 86' lang='lat' dir='ltr'><strong>qua</strong></span> <span class='ocrx_word' id='word_1_55' title='bbox 1180 668 1304 708; x_wconf 89' lang='lat' dir='ltr'><strong>uirtus</strong></span> <span class='ocrx_word' id='word_1_56' title='bbox 1323 674 1361 708; x_wconf 89' lang='lat' dir='ltr'><strong>et</strong></span> <span class='ocrx_word' id='word_1_57' title='bbox 1379 669 1549 720; x_wconf 82' lang='lat' dir='ltr'><strong>operatio</strong></span> 
     </span>
     <span class='ocr_line' id='line_1_9' title="bbox 138 723 1550 776; baseline 0.004 -14"><span class='ocrx_word' id='word_1_58' title='bbox 138 723 296 775; x_wconf 76' lang='lat' dir='ltr'><strong>uirginis</strong></span> <span class='ocrx_word' id='word_1_59' title='bbox 323 723 525 764; x_wconf 76' lang='lat' dir='ltr'><strong>constabat</strong></span> <span class='ocrx_word' id='word_1_60' title='bbox 551 724 732 764; x_wconf 84' lang='lat' dir='ltr'><strong>auferens</strong></span> <span class='ocrx_word' id='word_1_61' title='bbox 758 724 882 776; x_wconf 81' lang='lat' dir='ltr'><strong>ipsam</strong></span> <span class='ocrx_word' id='word_1_62' title='bbox 901 727 1047 766; x_wconf 88' lang='lat' dir='ltr'><strong>nudam</strong></span> <span class='ocrx_word' id='word_1_63' title='bbox 1074 726 1174 766; x_wconf 91' lang='lat' dir='ltr'><strong>inter</strong></span> <span class='ocrx_word' id='word_1_64' title='bbox 1201 726 1359 767; x_wconf 88' lang='lat' dir='ltr'><strong>brachia</strong></span> <span class='ocrx_word' id='word_1_65' title='bbox 1378 729 1425 767; x_wconf 90' lang='lat' dir='ltr'><strong>de</strong></span> <span class='ocrx_word' id='word_1_66' title='bbox 1444 728 1550 768; x_wconf 83' lang='lat' dir='ltr'><strong>fonte</strong></span> 
     </span>
     <span class='ocr_line' id='line_1_10' title="bbox 139 783 1550 837; baseline 0.004 -15"><span class='ocrx_word' id='word_1_67' title='bbox 139 788 297 835; x_wconf 88' lang='lat' dir='ltr'><strong>repente</strong></span> <span class='ocrx_word' id='word_1_68' title='bbox 334 783 449 823; x_wconf 82' lang='lat' dir='ltr'><strong>leuat.</strong></span> <span class='ocrx_word' id='word_1_69' title='bbox 503 783 656 824; x_wconf 90' lang='lat' dir='ltr'><strong>Oblitus</strong></span> <span class='ocrx_word' id='word_1_70' title='bbox 695 797 787 836; x_wconf 85' lang='lat' dir='ltr'><strong>ergo</strong></span> <span class='ocrx_word' id='word_1_71' title='bbox 827 798 941 825; x_wconf 90' lang='lat' dir='ltr'><strong>cerue</strong></span> <span class='ocrx_word' id='word_1_72' title='bbox 986 799 1204 837; x_wconf 84' lang='lat' dir='ltr'><strong>canumque</strong></span> <span class='ocrx_word' id='word_1_73' title='bbox 1244 800 1405 827; x_wconf 87' lang='lat' dir='ltr'><strong>suorum</strong></span> <span class='ocrx_word' id='word_1_74' title='bbox 1447 788 1550 827; x_wconf 87' lang='lat' dir='ltr'><strong>illam</strong></span> 
     </span>
     <span class='ocr_line' id='line_1_11' title="bbox 138 841 1622 896; baseline 0.003 -14"><span class='ocrx_word' id='word_1_75' title='bbox 138 841 268 882; x_wconf 87' lang='lat' dir='ltr'><strong>statim</strong></span> <span class='ocrx_word' id='word_1_76' title='bbox 296 841 369 882; x_wconf 75' lang='lat' dir='ltr'><strong>sihi</strong></span> <span class='ocrx_word' id='word_1_77' title='bbox 396 843 647 894; x_wconf 89' lang='lat' dir='ltr'><strong>desponsauit</strong></span> <span class='ocrx_word' id='word_1_78' title='bbox 673 856 837 884; x_wconf 85' lang='lat' dir='ltr'><strong>uxorem</strong></span> <span class='ocrx_word' id='word_1_79' title='bbox 855 845 1068 896; x_wconf 88' lang='lat' dir='ltr'><strong>eademque</strong></span> <span class='ocrx_word' id='word_1_80' title='bbox 1095 851 1207 886; x_wconf 92' lang='lat' dir='ltr'><strong>nocte</strong></span> <span class='ocrx_word' id='word_1_81' title='bbox 1234 846 1307 886; x_wconf 87' lang='lat' dir='ltr'><strong>sub</strong></span> <span class='ocrx_word' id='word_1_82' title='bbox 1335 846 1425 886; x_wconf 90' lang='lat' dir='ltr'><strong>diuo</strong></span> <span class='ocrx_word' id='word_1_83' title='bbox 1444 846 1550 886; x_wconf 79' lang='lat' dir='ltr'><strong>iuxta</strong></span> <span class='ocrx_word' id='word_1_84' title='bbox 1572 849 1622 887; x_wconf 83' lang='lat'><strong>10</strong></span> 
     </span>
     <span class='ocr_line' id='line_1_12' title="bbox 140 902 1551 953; baseline 0.004 -13"><span class='ocrx_word' id='word_1_85' title='bbox 140 903 286 941; x_wconf 76' lang='lat' dir='ltr'><strong>fontem</strong></span> <span class='ocrx_word' id='word_1_86' title='bbox 313 902 468 953; x_wconf 86' lang='lat' dir='ltr'><strong>nuptias</strong></span> <span class='ocrx_word' id='word_1_87' title='bbox 486 902 706 943; x_wconf 87' lang='lat' dir='ltr'><strong>celebrauit.</strong></span> <span class='ocrx_word' id='word_1_88' title='bbox 762 903 844 943; x_wconf 92' lang='lat' dir='ltr'><strong>Sub</strong></span> <span class='ocrx_word' id='word_1_89' title='bbox 862 904 1066 944; x_wconf 87' lang='lat' dir='ltr'><strong>mediantis</strong></span> <span class='ocrx_word' id='word_1_90' title='bbox 1099 910 1227 945; x_wconf 88' lang='lat' dir='ltr'><strong>autem</strong></span> <span class='ocrx_word' id='word_1_91' title='bbox 1257 906 1381 946; x_wconf 88' lang='lat' dir='ltr'><strong>noctis</strong></span> <span class='ocrx_word' id='word_1_92' title='bbox 1400 905 1551 946; x_wconf 85' lang='lat' dir='ltr'><strong>silentio</strong></span> 
     </span>
     <span class='ocr_line' id='line_1_13' title="bbox 139 960 1550 1014; baseline 0.004 -14"><span class='ocrx_word' id='word_1_93' title='bbox 139 960 302 1012; x_wconf 87' lang='lat' dir='ltr'><strong>nimpha</strong></span> <span class='ocrx_word' id='word_1_94' title='bbox 328 960 405 1001; x_wconf 85' lang='lat' dir='ltr'><strong>iam</strong></span> <span class='ocrx_word' id='word_1_95' title='bbox 434 961 662 1012; x_wconf 81' lang='lat' dir='ltr'><strong>uirginitatis</strong></span> <span class='ocrx_word' id='word_1_96' title='bbox 689 962 839 1014; x_wconf 85' lang='lat' dir='ltr'><strong>priuata</strong></span> <span class='ocrx_word' id='word_1_97' title='bbox 866 963 1025 1003; x_wconf 92' lang='lat' dir='ltr'><strong>nomine</strong></span> <span class='ocrx_word' id='word_1_98' title='bbox 1051 965 1248 1013; x_wconf 82' lang='lat' dir='ltr'><strong>stellarum</strong></span> <span class='ocrx_word' id='word_1_99' title='bbox 1277 977 1434 1004; x_wconf 88' lang='lat' dir='ltr'><strong>cursum</strong></span> <span class='ocrx_word' id='word_1_100' title='bbox 1461 978 1550 1004; x_wconf 91' lang='lat' dir='ltr'><strong>con·</strong></span> 
     </span>
     <span class='ocr_line' id='line_1_14' title="bbox 138 1020 1553 1074; baseline 0.004 -15"><span class='ocrx_word' id='word_1_101' title='bbox 138 1020 315 1060; x_wconf 88' lang='lat' dir='ltr'><strong>siderans</strong></span> <span class='ocrx_word' id='word_1_102' title='bbox 355 1033 424 1060; x_wconf 80' lang='lat' dir='ltr'><strong>sex</strong></span> <span class='ocrx_word' id='word_1_103' title='bbox 463 1020 561 1060; x_wconf 85' lang='lat' dir='ltr'><strong>filios</strong></span> <span class='ocrx_word' id='word_1_104' title='bbox 602 1034 692 1061; x_wconf 89' lang='lat' dir='ltr'><strong>cum</strong></span> <span class='ocrx_word' id='word_1_105' title='bbox 731 1021 809 1062; x_wconf 84' lang='lat' dir='ltr'><strong>filia</strong></span> <span class='ocrx_word' id='word_1_106' title='bbox 844 1035 888 1062; x_wconf 92' lang='lat' dir='ltr'><strong>se</strong></span> <span class='ocrx_word' id='word_1_107' title='bbox 924 1023 1146 1074; x_wconf 75' lang='lat' dir='ltr'><strong>concepisse</strong></span> <span class='ocrx_word' id='word_1_108' title='bbox 1181 1023 1362 1074; x_wconf 81' lang='lat' dir='ltr'><strong>cognouit</strong></span> <span class='ocrx_word' id='word_1_109' title='bbox 1400 1024 1553 1074; x_wconf 89' lang='lat' dir='ltr'><strong>hocque</strong></span> 
     </span>
     <span class='ocr_line' id='line_1_15' title="bbox 137 1080 1552 1134; baseline 0.003 -15"><span class='ocrx_word' id='word_1_110' title='bbox 137 1086 309 1119; x_wconf 90' lang='lat' dir='ltr'><strong>tremens</strong></span> <span class='ocrx_word' id='word_1_111' title='bbox 335 1084 373 1119; x_wconf 92' lang='lat' dir='ltr'><strong>et</strong></span> <span class='ocrx_word' id='word_1_112' title='bbox 401 1092 550 1131; x_wconf 84' lang='lat' dir='ltr'><strong>pauens</strong></span> <span class='ocrx_word' id='word_1_113' title='bbox 585 1080 797 1121; x_wconf 86' lang='lat' dir='ltr'><strong>insinuauit</strong></span> <span class='ocrx_word' id='word_1_114' title='bbox 830 1081 996 1133; x_wconf 83' lang='lat' dir='ltr'><strong>coniugi.</strong></span> <span class='ocrx_word' id='word_1_115' title='bbox 1050 1082 1177 1131; x_wconf 87' lang='lat' dir='ltr'><strong>Quam</strong></span> <span class='ocrx_word' id='word_1_116' title='bbox 1213 1082 1276 1122; x_wconf 91' lang='lat' dir='ltr'><strong>ille</strong></span> <span class='ocrx_word' id='word_1_117' title='bbox 1311 1083 1552 1134; x_wconf 80' lang='lat' dir='ltr'><strong>amplexibus</strong></span> 
     </span>
     <span class='ocr_line' id='line_1_16' title="bbox 139 1139 1623 1190; baseline 0.003 -12"><span class='ocrx_word' id='word_1_118' title='bbox 139 1139 346 1190; x_wconf 88' lang='lat' dir='ltr'><strong>uerbisque</strong></span> <span class='ocrx_word' id='word_1_119' title='bbox 372 1151 551 1179; x_wconf 85' lang='lat' dir='ltr'><strong>recreans</strong></span> <span class='ocrx_word' id='word_1_120' title='bbox 578 1140 848 1181; x_wconf 87' lang='lat' dir='ltr'><strong>consolatoriis</strong></span> <span class='ocrx_word' id='word_1_121' title='bbox 883 1154 1001 1181; x_wconf 89' lang='lat' dir='ltr'><strong>mane</strong></span> <span class='ocrx_word' id='word_1_122' title='bbox 1028 1142 1128 1182; x_wconf 82' lang='lat' dir='ltr'><strong>facto</strong></span> <span class='ocrx_word' id='word_1_123' title='bbox 1155 1143 1204 1182; x_wconf 86' lang='lat' dir='ltr'><strong>ad</strong></span> <span class='ocrx_word' id='word_1_124' title='bbox 1239 1147 1410 1182; x_wconf 80' lang='lat' dir='ltr'><strong>castrum</strong></span> <span class='ocrx_word' id='word_1_125' title='bbox 1437 1155 1553 1182; x_wconf 89' lang='lat' dir='ltr'><strong>suum</strong></span> <span class='ocrx_word' id='word_1_126' title='bbox 1575 1145 1623 1182; x_wconf 86' lang='grc'><strong>15</strong></span> 
     </span>
     <span class='ocr_line' id='line_1_17' title="bbox 140 1199 1554 1253; baseline 0.001 -14"><span class='ocrx_word' id='word_1_127' title='bbox 140 1199 252 1239; x_wconf 90' lang='lat' dir='ltr'><strong>rediit</strong></span> <span class='ocrx_word' id='word_1_128' title='bbox 270 1211 431 1238; x_wconf 86' lang='lat' dir='ltr'><strong>uxorem</strong></span> <span class='ocrx_word' id='word_1_129' title='bbox 450 1211 583 1239; x_wconf 90' lang='lat' dir='ltr'><strong>secum</strong></span> <span class='ocrx_word' id='word_1_130' title='bbox 601 1200 760 1240; x_wconf 84' lang='lat' dir='ltr'><strong>ducens.</strong></span> <span class='ocrx_word' id='word_1_131' title='bbox 805 1200 928 1240; x_wconf 84' lang='lat' dir='ltr'><strong>Mater</strong></span> <span class='ocrx_word' id='word_1_132' title='bbox 954 1205 1085 1241; x_wconf 88' lang='lat' dir='ltr'><strong>autem</strong></span> <span class='ocrx_word' id='word_1_133' title='bbox 1112 1201 1264 1241; x_wconf 90' lang='lat' dir='ltr'><strong>iuuenis</strong></span> <span class='ocrx_word' id='word_1_134' title='bbox 1291 1201 1375 1241; x_wconf 89' lang='lat' dir='ltr'><strong>uisa</strong></span> <span class='ocrx_word' id='word_1_135' title='bbox 1394 1201 1554 1253; x_wconf 89' lang='lat' dir='ltr'><strong>nimpha</strong></span> 
     </span>
     <span class='ocr_line' id='line_1_18' title="bbox 138 1259 1553 1312; baseline 0.002 -15"><span class='ocrx_word' id='word_1_136' title='bbox 138 1259 369 1310; x_wconf 77' lang='lat' dir='ltr'><strong>cognitoque</strong></span> <span class='ocrx_word' id='word_1_137' title='bbox 397 1259 499 1309; x_wconf 84' lang='lat' dir='ltr'><strong>quod</strong></span> <span class='ocrx_word' id='word_1_138' title='bbox 527 1271 614 1298; x_wconf 86' lang='lat' dir='ltr'><strong>eam</strong></span> <span class='ocrx_word' id='word_1_139' title='bbox 643 1259 744 1299; x_wconf 86' lang='lat' dir='ltr'><strong>filius</strong></span> <span class='ocrx_word' id='word_1_140' title='bbox 770 1259 943 1300; x_wconf 83' lang='lat' dir='ltr'><strong>duxisset</strong></span> <span class='ocrx_word' id='word_1_141' title='bbox 970 1273 1145 1311; x_wconf 87' lang='lat' dir='ltr'><strong>uxorem,</strong></span> <span class='ocrx_word' id='word_1_142' title='bbox 1186 1260 1313 1301; x_wconf 88' lang='lat' dir='ltr'><strong>sciens</strong></span> <span class='ocrx_word' id='word_1_143' title='bbox 1341 1261 1443 1312; x_wconf 89' lang='lat' dir='ltr'><strong>quod</strong></span> <span class='ocrx_word' id='word_1_144' title='bbox 1481 1260 1553 1300; x_wconf 89' lang='lat' dir='ltr'><strong>sibi</strong></span> 
     </span>
     <span class='ocr_line' id='line_1_19' title="bbox 138 1318 1555 1370; baseline 0.001 -12"><span class='ocrx_word' id='word_1_145' title='bbox 138 1318 249 1358; x_wconf 83' lang='lat' dir='ltr'><strong>citius</strong></span> <span class='ocrx_word' id='word_1_146' title='bbox 276 1322 465 1369; x_wconf 82' lang='lat' dir='ltr'><strong>potestate</strong></span> <span class='ocrx_word' id='word_1_147' title='bbox 482 1323 520 1358; x_wconf 91' lang='lat' dir='ltr'><strong>et</strong></span> <span class='ocrx_word' id='word_1_148' title='bbox 546 1318 697 1358; x_wconf 87' lang='lat' dir='ltr'><strong>honore</strong></span> <span class='ocrx_word' id='word_1_149' title='bbox 715 1319 958 1370; x_wconf 82' lang='lat' dir='ltr'><strong>preferretur,</strong></span> <span class='ocrx_word' id='word_1_150' title='bbox 985 1320 1215 1360; x_wconf 80' lang='lat' dir='ltr'><strong>anxiabatur</strong></span> <span class='ocrx_word' id='word_1_151' title='bbox 1238 1320 1382 1368; x_wconf 85' lang='lat' dir='ltr'><strong>animo,</strong></span> <span class='ocrx_word' id='word_1_152' title='bbox 1410 1319 1555 1360; x_wconf 85' lang='lat' dir='ltr'><strong>inuidia</strong></span> 
     </span>
     <span class='ocr_line' id='line_1_20' title="bbox 139 1377 1554 1429; baseline 0.002 -13"><span class='ocrx_word' id='word_1_153' title='bbox 139 1377 389 1428; x_wconf 82' lang='lat' dir='ltr'><strong>torquebatur</strong></span> <span class='ocrx_word' id='word_1_154' title='bbox 430 1381 468 1416; x_wconf 91' lang='lat' dir='ltr'><strong>et</strong></span> <span class='ocrx_word' id='word_1_155' title='bbox 509 1377 649 1428; x_wconf 90' lang='lat' dir='ltr'><strong>quibus</strong></span> <span class='ocrx_word' id='word_1_156' title='bbox 690 1383 839 1429; x_wconf 87' lang='lat' dir='ltr'><strong>poterat</strong></span> <span class='ocrx_word' id='word_1_157' title='bbox 878 1379 1004 1419; x_wconf 90' lang='lat' dir='ltr'><strong>modis</strong></span> <span class='ocrx_word' id='word_1_158' title='bbox 1045 1379 1165 1419; x_wconf 88' lang='lat' dir='ltr'><strong>filium</strong></span> <span class='ocrx_word' id='word_1_159' title='bbox 1204 1380 1254 1419; x_wconf 87' lang='lat' dir='ltr'><strong>ab</strong></span> <span class='ocrx_word' id='word_1_160' title='bbox 1295 1392 1427 1419; x_wconf 89' lang='lat' dir='ltr'><strong>amore</strong></span> <span class='ocrx_word' id='word_1_161' title='bbox 1471 1379 1554 1419; x_wconf 90' lang='lat' dir='ltr'><strong>eius</strong></span> 
     </span>
     <span class='ocr_line' id='line_1_21' title="bbox 140 1436 1626 1488; baseline 0.002 -12"><span class='ocrx_word' id='word_1_162' title='bbox 140 1449 325 1476; x_wconf 83' lang='lat' dir='ltr'><strong>reuocare</strong></span> <span class='ocrx_word' id='word_1_163' title='bbox 350 1436 559 1488; x_wconf 86' lang='lat' dir='ltr'><strong>odiumque</strong></span> <span class='ocrx_word' id='word_1_164' title='bbox 585 1437 684 1477; x_wconf 82' lang='lat' dir='ltr'><strong>inter</strong></span> <span class='ocrx_word' id='word_1_165' title='bbox 715 1450 783 1477; x_wconf 87' lang='lat' dir='ltr'><strong>eos</strong></span> <span class='ocrx_word' id='word_1_166' title='bbox 809 1438 1000 1479; x_wconf 88' lang='lat' dir='ltr'><strong>seminare</strong></span> <span class='ocrx_word' id='word_1_167' title='bbox 1018 1440 1209 1479; x_wconf 80' lang='lat' dir='ltr'><strong>studebat.</strong></span> <span class='ocrx_word' id='word_1_168' title='bbox 1265 1439 1341 1479; x_wconf 85' lang='lat' dir='ltr'><strong>Sed</strong></span> <span class='ocrx_word' id='word_1_169' title='bbox 1371 1451 1462 1478; x_wconf 90' lang='lat' dir='ltr'><strong>cum</strong></span> <span class='ocrx_word' id='word_1_170' title='bbox 1478 1439 1556 1478; x_wconf 86' lang='lat' dir='ltr'><strong>hoc</strong></span> <span class='ocrx_word' id='word_1_171' title='bbox 1573 1440 1626 1479; x_wconf 72' lang='lat'><strong>20</strong></span> 
     </span>
     <span class='ocr_line' id='line_1_22' title="bbox 139 1496 1555 1553; baseline 0.001 -18"><span class='ocrx_word' id='word_1_172' title='bbox 139 1496 291 1536; x_wconf 85' lang='lat' dir='ltr'><strong>efficere</strong></span> <span class='ocrx_word' id='word_1_173' title='bbox 317 1508 398 1535; x_wconf 91' lang='lat' dir='ltr'><strong>non</strong></span> <span class='ocrx_word' id='word_1_174' title='bbox 427 1501 569 1548; x_wconf 75' lang='lat' dir='ltr'><strong>posset,</strong></span> <span class='ocrx_word' id='word_1_175' title='bbox 602 1497 723 1536; x_wconf 89' lang='lat' dir='ltr'><strong>uerba</strong></span> <span class='ocrx_word' id='word_1_176' title='bbox 760 1497 842 1537; x_wconf 87' lang='lat' dir='ltr'><strong>eius</strong></span> <span class='ocrx_word' id='word_1_177' title='bbox 870 1510 951 1538; x_wconf 92' lang='lat' dir='ltr'><strong>non</strong></span> <span class='ocrx_word' id='word_1_178' title='bbox 978 1498 1106 1538; x_wconf 91' lang='lat' dir='ltr'><strong>solum</strong></span> <span class='ocrx_word' id='word_1_179' title='bbox 1134 1498 1212 1538; x_wconf 87' lang='lat' dir='ltr'><strong>filio</strong></span> <span class='ocrx_word' id='word_1_180' title='bbox 1247 1510 1328 1538; x_wconf 90' lang='lat' dir='ltr'><strong>non</strong></span> <span class='ocrx_word' id='word_1_181' title='bbox 1362 1498 1555 1553; x_wconf 75' lang='lat' dir='ltr'><strong>audiente,</strong></span> 
     </span>
     <span class='ocr_line' id='line_1_23' title="bbox 147 1555 1555 1609; baseline 0.001 -14"><span class='ocrx_word' id='word_1_182' title='bbox 147 1568 284 1595; x_wconf 90' lang='lat' dir='ltr'><strong>uerum</strong></span> <span class='ocrx_word' id='word_1_183' title='bbox 312 1555 428 1595; x_wconf 87' lang='lat' dir='ltr'><strong>etiam</strong></span> <span class='ocrx_word' id='word_1_184' title='bbox 446 1561 582 1596; x_wconf 89' lang='lat' dir='ltr'><strong>contra</strong></span> <span class='ocrx_word' id='word_1_185' title='bbox 598 1569 685 1596; x_wconf 82' lang='lat' dir='ltr'><strong>eam</strong></span> <span class='ocrx_word' id='word_1_186' title='bbox 706 1557 874 1608; x_wconf 80' lang='lat' dir='ltr'><strong>grauiter</strong></span> <span class='ocrx_word' id='word_1_187' title='bbox 901 1557 1126 1609; x_wconf 77' lang='lat' dir='ltr'><strong>indignante</strong></span> <span class='ocrx_word' id='word_1_188' title='bbox 1144 1558 1193 1597; x_wconf 91' lang='lat' dir='ltr'><strong>ad</strong></span> <span class='ocrx_word' id='word_1_189' title='bbox 1211 1557 1285 1597; x_wconf 84' lang='lat' dir='ltr'><strong>alia</strong></span> <span class='ocrx_word' id='word_1_190' title='bbox 1312 1570 1355 1597; x_wconf 93' lang='lat' dir='ltr'><strong>se</strong></span> <span class='ocrx_word' id='word_1_191' title='bbox 1381 1562 1555 1597; x_wconf 90' lang='lat' dir='ltr'><strong>conuert-</strong></span> 
     </span>
     <span class='ocr_line' id='line_1_24' title="bbox 141 1614 1557 1668; baseline 0.001 -14"><span class='ocrx_word' id='word_1_192' title='bbox 141 1614 171 1654; x_wconf 89' lang='lat' dir='ltr'><strong>it</strong></span> <span class='ocrx_word' id='word_1_193' title='bbox 199 1614 528 1666; x_wconf 86' lang='lat' dir='ltr'><strong>nephandumque</strong></span> <span class='ocrx_word' id='word_1_194' title='bbox 552 1615 690 1662; x_wconf 84' lang='lat' dir='ltr'><strong>scelus,</strong></span> <span class='ocrx_word' id='word_1_195' title='bbox 709 1615 792 1667; x_wconf 90' lang='lat' dir='ltr'><strong>ipso</strong></span> <span class='ocrx_word' id='word_1_196' title='bbox 811 1616 942 1656; x_wconf 88' lang='lat' dir='ltr'><strong>auditu</strong></span> <span class='ocrx_word' id='word_1_197' title='bbox 962 1617 1213 1666; x_wconf 87' lang='lat' dir='ltr'><strong>horrendum,</strong></span> <span class='ocrx_word' id='word_1_198' title='bbox 1231 1617 1364 1656; x_wconf 90' lang='lat' dir='ltr'><strong>animo</strong></span> <span class='ocrx_word' id='word_1_199' title='bbox 1391 1615 1557 1668; x_wconf 84' lang='lat' dir='ltr'><strong>concipit</strong></span> 
     </span>
     <span class='ocr_line' id='line_1_25' title="bbox 142 1675 1557 1727; baseline 0.001 -14"><span class='ocrx_word' id='word_1_200' title='bbox 142 1677 450 1725; x_wconf 90' lang='lat' dir='ltr'><strong>conceptumque</strong></span> <span class='ocrx_word' id='word_1_201' title='bbox 463 1686 587 1725; x_wconf 88' lang='lat' dir='ltr'><strong>usque</strong></span> <span class='ocrx_word' id='word_1_202' title='bbox 604 1675 654 1714; x_wconf 89' lang='lat' dir='ltr'><strong>ad</strong></span> <span class='ocrx_word' id='word_1_203' title='bbox 671 1679 824 1726; x_wconf 88' lang='lat' dir='ltr'><strong>tempus</strong></span> <span class='ocrx_word' id='word_1_204' title='bbox 843 1681 1077 1727; x_wconf 87' lang='lat' dir='ltr'><strong>oportunum</strong></span> <span class='ocrx_word' id='word_1_205' title='bbox 1089 1675 1192 1715; x_wconf 88' lang='lat' dir='ltr'><strong>intra</strong></span> <span class='ocrx_word' id='word_1_206' title='bbox 1203 1675 1369 1727; x_wconf 84' lang='lat' dir='ltr'><strong>pectoris</strong></span> <span class='ocrx_word' id='word_1_207' title='bbox 1387 1675 1557 1715; x_wconf 85' lang='lat' dir='ltr'><strong>archana</strong></span> 
     </span>
     <span class='ocr_line' id='line_1_26' title="bbox 141 1732 1627 1786; baseline 0.001 -14"><span class='ocrx_word' id='word_1_208' title='bbox 141 1733 292 1784; x_wconf 84' lang='lat' dir='ltr'><strong>premit.</strong></span> <span class='ocrx_word' id='word_1_209' title='bbox 348 1732 395 1772; x_wconf 83' lang='lat' dir='ltr'><strong>Et</strong></span> <span class='ocrx_word' id='word_1_210' title='bbox 421 1738 464 1772; x_wconf 91' lang='lat' dir='ltr'><strong>ut</strong></span> <span class='ocrx_word' id='word_1_211' title='bbox 491 1733 641 1773; x_wconf 84' lang='lat' dir='ltr'><strong>cautius</strong></span> <span class='ocrx_word' id='word_1_212' title='bbox 667 1733 793 1773; x_wconf 84' lang='lat' dir='ltr'><strong>scelus</strong></span> <span class='ocrx_word' id='word_1_213' title='bbox 819 1734 1033 1785; x_wconf 86' lang='lat' dir='ltr'><strong>meliusque</strong></span> <span class='ocrx_word' id='word_1_214' title='bbox 1070 1735 1229 1786; x_wconf 90' lang='lat' dir='ltr'><strong>implere</strong></span> <span class='ocrx_word' id='word_1_215' title='bbox 1257 1734 1391 1786; x_wconf 78' lang='lat' dir='ltr'><strong>possit,</strong></span> <span class='ocrx_word' id='word_1_216' title='bbox 1421 1734 1557 1774; x_wconf 69' lang='lat' dir='ltr'><strong>reralae</strong></span> <span class='ocrx_word' id='word_1_217' title='bbox 1575 1735 1627 1774; x_wconf 70' lang='lat'><strong>25</strong></span> 
     </span>
     <span class='ocr_line' id='line_1_27' title="bbox 147 1791 1556 1840; baseline 0.001 -9"><span class='ocrx_word' id='word_1_218' title='bbox 147 1791 362 1832; x_wconf 56' lang='lat' dir='ltr'><strong>dissimulat</strong></span> <span class='ocrx_word' id='word_1_219' title='bbox 389 1791 617 1840; x_wconf 84' lang='lat' dir='ltr'><strong>inimicitias,</strong></span> <span class='ocrx_word' id='word_1_220' title='bbox 645 1793 742 1833; x_wconf 86' lang='lat' dir='ltr'><strong>celat</strong></span> <span class='ocrx_word' id='word_1_221' title='bbox 768 1793 964 1833; x_wconf 89' lang='lat' dir='ltr'><strong>internum</strong></span> <span class='ocrx_word' id='word_1_222' title='bbox 992 1794 1110 1834; x_wconf 89' lang='lat' dir='ltr'><strong>animi</strong></span> <span class='ocrx_word' id='word_1_223' title='bbox 1128 1806 1331 1834; x_wconf 81' lang='lat' dir='ltr'><strong>rancorem</strong></span> <span class='ocrx_word' id='word_1_224' title='bbox 1359 1794 1556 1833; x_wconf 85' lang='lat' dir='ltr'><strong>blandam-</strong></span> 
     </span>
     <span class='ocr_line' id='line_1_28' title="bbox 142 1851 1558 1901; baseline 0.001 -11"><span class='ocrx_word' id='word_1_225' title='bbox 142 1863 219 1901; x_wconf 88' lang='lat' dir='ltr'><strong>que</strong></span> <span class='ocrx_word' id='word_1_226' title='bbox 246 1851 414 1891; x_wconf 83' lang='lat' dir='ltr'><strong>exterius</strong></span> <span class='ocrx_word' id='word_1_227' title='bbox 433 1851 548 1891; x_wconf 91' lang='lat' dir='ltr'><strong>nurui</strong></span> <span class='ocrx_word' id='word_1_228' title='bbox 566 1851 693 1892; x_wconf 87' lang='lat' dir='ltr'><strong>exibet</strong></span> <span class='ocrx_word' id='word_1_229' title='bbox 710 1852 860 1901; x_wconf 77' lang='lat' dir='ltr'><strong>faciem,</strong></span> <span class='ocrx_word' id='word_1_230' title='bbox 887 1853 1056 1892; x_wconf 88' lang='lat' dir='ltr'><strong>honorat</strong></span> <span class='ocrx_word' id='word_1_231' title='bbox 1073 1857 1117 1893; x_wconf 90' lang='lat' dir='ltr'><strong>ut</strong></span> <span class='ocrx_word' id='word_1_232' title='bbox 1134 1853 1347 1901; x_wconf 88' lang='lat' dir='ltr'><strong>dominam,</strong></span> <span class='ocrx_word' id='word_1_233' title='bbox 1375 1858 1419 1892; x_wconf 90' lang='lat' dir='ltr'><strong>ut</strong></span> <span class='ocrx_word' id='word_1_234' title='bbox 1440 1851 1558 1891; x_wconf 87' lang='lat' dir='ltr'><strong>filiam</strong></span> 
     </span>
     <span class='ocr_line' id='line_1_29' title="bbox 141 1909 1559 1963; baseline 0 -14"><span class='ocrx_word' id='word_1_235' title='bbox 141 1910 245 1949; x_wconf 81' lang='lat' dir='ltr'><strong>fouet</strong></span> <span class='ocrx_word' id='word_1_236' title='bbox 272 1915 310 1950; x_wconf 92' lang='lat' dir='ltr'><strong>et</strong></span> <span class='ocrx_word' id='word_1_237' title='bbox 336 1909 502 1950; x_wconf 88' lang='lat' dir='ltr'><strong>instruit.</strong></span> <span class='ocrx_word' id='word_1_238' title='bbox 557 1911 701 1951; x_wconf 88' lang='lat' dir='ltr'><strong>Verum</strong></span> <span class='ocrx_word' id='word_1_239' title='bbox 731 1911 815 1963; x_wconf 87' lang='lat' dir='ltr'><strong>ipsa</strong></span> <span class='ocrx_word' id='word_1_240' title='bbox 841 1924 932 1951; x_wconf 91' lang='lat' dir='ltr'><strong>cum</strong></span> <span class='ocrx_word' id='word_1_241' title='bbox 959 1917 1070 1952; x_wconf 91' lang='lat' dir='ltr'><strong>utero</strong></span> <span class='ocrx_word' id='word_1_242' title='bbox 1097 1911 1251 1952; x_wconf 87' lang='lat' dir='ltr'><strong>cottidie</strong></span> <span class='ocrx_word' id='word_1_243' title='bbox 1278 1912 1559 1951; x_wconf 58' lang='lat' dir='ltr'><strong>intumescente</strong></span> 
     </span>
     <span class='ocr_line' id='line_1_30' title="bbox 142 1969 1557 2022; baseline -0.001 -13"><span class='ocrx_word' id='word_1_244' title='bbox 142 1969 194 2009; x_wconf 85' lang='lat' dir='ltr'><strong>ad</strong></span> <span class='ocrx_word' id='word_1_245' title='bbox 221 1974 375 2020; x_wconf 89' lang='lat' dir='ltr'><strong>tempus</strong></span> <span class='ocrx_word' id='word_1_246' title='bbox 402 1969 573 2021; x_wconf 80' lang='lat' dir='ltr'><strong>pariendi</strong></span> <span class='ocrx_word' id='word_1_247' title='bbox 600 1971 851 2022; x_wconf 86' lang='lat' dir='ltr'><strong>peruenisset,</strong></span> <span class='ocrx_word' id='word_1_248' title='bbox 879 1983 948 2010; x_wconf 87' lang='lat' dir='ltr'><strong>sex</strong></span> <span class='ocrx_word' id='word_1_249' title='bbox 976 1976 1089 2011; x_wconf 88' lang='lat' dir='ltr'><strong>natos</strong></span> <span class='ocrx_word' id='word_1_250' title='bbox 1117 1983 1206 2011; x_wconf 90' lang='lat' dir='ltr'><strong>cum</strong></span> <span class='ocrx_word' id='word_1_251' title='bbox 1235 1970 1324 2019; x_wconf 81' lang='lat' dir='ltr'><strong>filia,</strong></span> <span class='ocrx_word' id='word_1_252' title='bbox 1357 1970 1454 2010; x_wconf 90' lang='lat' dir='ltr'><strong>sicut</strong></span> <span class='ocrx_word' id='word_1_253' title='bbox 1480 1970 1557 2009; x_wconf 88' lang='lat' dir='ltr'><strong>iam</strong></span> 
     </span>
     <span class='ocr_line' id='line_1_31' title="bbox 143 2028 1630 2080; baseline 0.001 -13"><span class='ocrx_word' id='word_1_254' title='bbox 143 2028 292 2068; x_wconf 86' lang='lat' dir='ltr'><strong>dudum</strong></span> <span class='ocrx_word' id='word_1_255' title='bbox 310 2034 401 2068; x_wconf 88' lang='lat' dir='ltr'><strong>ante</strong></span> <span class='ocrx_word' id='word_1_256' title='bbox 419 2028 648 2080; x_wconf 81' lang='lat' dir='ltr'><strong>predixerat,</strong></span> <span class='ocrx_word' id='word_1_257' title='bbox 676 2030 902 2070; x_wconf 86' lang='lat' dir='ltr'><strong>cathenulas</strong></span> <span class='ocrx_word' id='word_1_258' title='bbox 920 2043 1057 2070; x_wconf 85' lang='lat' dir='ltr'><strong>aureas</strong></span> <span class='ocrx_word' id='word_1_259' title='bbox 1075 2030 1115 2070; x_wconf 90' lang='lat' dir='ltr'><strong>in</strong></span> <span class='ocrx_word' id='word_1_260' title='bbox 1136 2029 1368 2070; x_wconf 89' lang='lat' dir='ltr'><strong>circulorum</strong></span> <span class='ocrx_word' id='word_1_261' title='bbox 1395 2029 1557 2069; x_wconf 90' lang='lat' dir='ltr'><strong>modum</strong></span> <span class='ocrx_word' id='word_1_262' title='bbox 1575 2030 1630 2069; x_wconf 88' lang='grc'><strong>30</strong></span> 
     </span>
     <span class='ocr_line' id='line_1_32' title="bbox 140 2087 1558 2141; baseline 0.001 -15"><span class='ocrx_word' id='word_1_263' title='bbox 140 2087 243 2127; x_wconf 73' lang='lat' dir='ltr'><strong>ciroe</strong></span> <span class='ocrx_word' id='word_1_264' title='bbox 268 2087 409 2127; x_wconf 90' lang='lat' dir='ltr'><strong>collum</strong></span> <span class='ocrx_word' id='word_1_265' title='bbox 435 2088 625 2128; x_wconf 51' lang='lat' dir='ltr'><strong>habentes</strong></span> <span class='ocrx_word' id='word_1_266' title='bbox 652 2087 693 2128; x_wconf 89' lang='lat' dir='ltr'><strong>in</strong></span> <span class='ocrx_word' id='word_1_267' title='bbox 730 2089 875 2140; x_wconf 82' lang='lat' dir='ltr'><strong>gremio</strong></span> <span class='ocrx_word' id='word_1_268' title='bbox 903 2089 1020 2141; x_wconf 85' lang='lat' dir='ltr'><strong>impie</strong></span> <span class='ocrx_word' id='word_1_269' title='bbox 1054 2102 1189 2129; x_wconf 86' lang='lat' dir='ltr'><strong>socrus</strong></span> <span class='ocrx_word' id='word_1_270' title='bbox 1225 2088 1385 2129; x_wconf 80' lang='lat' dir='ltr'><strong>feliciter</strong></span> <span class='ocrx_word' id='word_1_271' title='bbox 1420 2101 1470 2128; x_wconf 90' lang='lat' dir='ltr'><strong>an</strong></span> <span class='ocrx_word' id='word_1_272' title='bbox 1499 2089 1558 2127; x_wconf 86' lang='lat' dir='ltr'><strong>in-</strong></span> 
     </span>
     <span class='ocr_line' id='line_1_33' title="bbox 142 2146 1558 2189; baseline 0.001 -4"><span class='ocrx_word' id='word_1_273' title='bbox 142 2146 300 2186; x_wconf 82' lang='lat' dir='ltr'><strong>feliciter</strong></span> <span class='ocrx_word' id='word_1_274' title='bbox 326 2146 488 2187; x_wconf 86' lang='lat' dir='ltr'><strong>dixerim</strong></span> <span class='ocrx_word' id='word_1_275' title='bbox 516 2147 647 2188; x_wconf 59' lang='lat' dir='ltr'><strong>nescio</strong></span> <span class='ocrx_word' id='word_1_276' title='bbox 666 2147 783 2188; x_wconf 88' lang='lat' dir='ltr'><strong>enixa</strong></span> <span class='ocrx_word' id='word_1_277' title='bbox 809 2153 880 2189; x_wconf 57' lang='lat' dir='ltr'><strong>est.</strong></span> <span class='ocrx_word' id='word_1_278' title='bbox 935 2148 1048 2188; x_wconf 89' lang='lat' dir='ltr'><strong>Tunc</strong></span> <span class='ocrx_word' id='word_1_279' title='bbox 1066 2149 1182 2188; x_wconf 89' lang='lat' dir='ltr'><strong>etiam</strong></span> <span class='ocrx_word' id='word_1_280' title='bbox 1209 2153 1246 2188; x_wconf 87' lang='lat' dir='ltr'><strong>et</strong></span> <span class='ocrx_word' id='word_1_281' title='bbox 1271 2160 1406 2188; x_wconf 88' lang='lat' dir='ltr'><strong>socrus</strong></span> <span class='ocrx_word' id='word_1_282' title='bbox 1433 2147 1558 2187; x_wconf 86' lang='lat' dir='ltr'><strong>scelus</strong></span> 
     </span>
    </p>
   </div>
   <div class='ocr_carea' id='block_1_3' title="bbox 146 2242 427 2248">
    <p class='ocr_par' dir='ltr' id='par_1_3' title="bbox 146 2242 427 2248">
     <span class='ocr_line' id='line_1_34' title="bbox 146 2242 427 2248; baseline 0 0"><span class='ocrx_word' id='word_1_283' title='bbox 146 2242 427 2248; x_wconf 95' lang='lat' dir='ltr'><strong> </strong></span> 
     </span>
    </p>
   </div>
   <div class='ocr_carea' id='block_1_4' title="bbox 142 2300 1560 2710">
    <p class='ocr_par' dir='ltr' id='par_1_4' title="bbox 142 2300 1560 2710">
     <span class='ocr_line' id='line_1_35' title="bbox 260 2300 1557 2346; baseline -0.002 -10"><span class='ocrx_word' id='word_1_284' title='bbox 260 2301 284 2336; x_wconf 88' lang='grc'><strong>3</strong></span> <span class='ocrx_word' id='word_1_285' title='bbox 308 2311 417 2336; x_wconf 86' lang='lat' dir='ltr'><strong>cerno</strong></span> <span class='ocrx_word' id='word_1_286' title='bbox 432 2301 464 2336; x_wconf 89' lang='lat' dir='ltr'><strong><em>L</em></strong></span> <span class='ocrx_word' id='word_1_287' title='bbox 479 2319 527 2325; x_wconf 92' lang='lat'>—</span> <span class='ocrx_word' id='word_1_288' title='bbox 553 2301 732 2336; x_wconf 86' lang='lat' dir='ltr'><strong>tornando</strong></span> <span class='ocrx_word' id='word_1_289' title='bbox 749 2301 780 2337; x_wconf 90' lang='lat'><em>0</em></span> <span class='ocrx_word' id='word_1_290' title='bbox 797 2320 844 2327; x_wconf 91' lang='lat'><em>-</em></span> <span class='ocrx_word' id='word_1_291' title='bbox 860 2301 885 2336; x_wconf 78' lang='lat'>4</span> <span class='ocrx_word' id='word_1_292' title='bbox 901 2303 1120 2346; x_wconf 83' lang='lat' dir='ltr'><strong>prouocatur</strong></span> <span class='ocrx_word' id='word_1_293' title='bbox 1138 2300 1240 2346; x_wconf 68' lang='lat'><em>01²1»,</em></span> <span class='ocrx_word' id='word_1_294' title='bbox 1258 2303 1430 2345; x_wconf 86' lang='lat' dir='ltr'><strong>prouocat</strong></span> <span class='ocrx_word' id='word_1_295' title='bbox 1451 2300 1494 2335; x_wconf 80' lang='lat' dir='ltr'><strong>V.</strong></span> <span class='ocrx_word' id='word_1_296' title='bbox 1512 2319 1557 2325; x_wconf 90' lang='lat'><strong>·—</strong></span> 
     </span>
     <span class='ocr_line' id='line_1_36' title="bbox 143 2352 1559 2399; baseline -0.003 -9"><span class='ocrx_word' id='word_1_297' title='bbox 143 2353 1382 2399; x_wconf 62' lang='lat' dir='ltr'><strong>5inmanu0spV.—9eeruiL.—10inux.0PpV.-</strong></span> <span class='ocrx_word' id='word_1_298' title='bbox 1423 2352 1559 2387; x_wconf 79' lang='lat' dir='ltr'><strong>nsuh</strong></span> 
     </span>
     <span class='ocr_line' id='line_1_37' title="bbox 142 2406 1560 2453; baseline -0.002 -10"><span class='ocrx_word' id='word_1_299' title='bbox 142 2407 263 2443; x_wconf 88' lang='lat' dir='ltr'><strong>medio</strong></span> <span class='ocrx_word' id='word_1_300' title='bbox 294 2407 338 2442; x_wconf 81' lang='lat' dir='ltr'><strong>V.</strong></span> <span class='ocrx_word' id='word_1_301' title='bbox 361 2426 407 2432; x_wconf 91' lang='lat'>—</span> <span class='ocrx_word' id='word_1_302' title='bbox 434 2407 477 2442; x_wconf 78' lang='lat'><strong>12</strong></span> <span class='ocrx_word' id='word_1_303' title='bbox 501 2406 653 2451; x_wconf 73' lang='lat' dir='ltr'><strong>uirginis</strong></span> <span class='ocrx_word' id='word_1_304' title='bbox 678 2407 813 2453; x_wconf 80' lang='lat' dir='ltr'><strong>OPpV.</strong></span> <span class='ocrx_word' id='word_1_305' title='bbox 831 2429 876 2434; x_wconf 96' lang='lat'><strong>—</strong></span> <span class='ocrx_word' id='word_1_306' title='bbox 896 2408 940 2442; x_wconf 79' lang='lat'><strong>14</strong></span> <span class='ocrx_word' id='word_1_307' title='bbox 963 2407 1124 2443; x_wconf 89' lang='lat' dir='ltr'><strong>insinuat</strong></span> <span class='ocrx_word' id='word_1_308' title='bbox 1148 2406 1290 2452; x_wconf 77' lang='lat' dir='ltr'><strong>OPpV.</strong></span> <span class='ocrx_word' id='word_1_309' title='bbox 1310 2426 1355 2431; x_wconf 97' lang='lat'><strong>—</strong></span> <span class='ocrx_word' id='word_1_310' title='bbox 1376 2406 1421 2441; x_wconf 84' lang='lat'><strong>15</strong></span> <span class='ocrx_word' id='word_1_311' title='bbox 1436 2415 1560 2440; x_wconf 88' lang='lat' dir='ltr'><strong>conso-</strong></span> 
     </span>
     <span class='ocr_line' id='line_1_38' title="bbox 145 2458 1557 2506; baseline -0.001 -10"><span class='ocrx_word' id='word_1_312' title='bbox 145 2461 241 2497; x_wconf 82' lang='lat' dir='ltr'><strong>latur</strong></span> <span class='ocrx_word' id='word_1_313' title='bbox 267 2461 309 2498; x_wconf 91' lang='lat' dir='ltr'><strong>O.</strong></span> <span class='ocrx_word' id='word_1_314' title='bbox 334 2479 381 2485; x_wconf 98' lang='lat'><strong>—</strong></span> <span class='ocrx_word' id='word_1_315' title='bbox 409 2460 450 2495; x_wconf 89' lang='lat'><strong>17</strong></span> <span class='ocrx_word' id='word_1_316' title='bbox 475 2459 513 2495; x_wconf 91' lang='lat' dir='ltr'><strong>in</strong></span> <span class='ocrx_word' id='word_1_317' title='bbox 539 2471 599 2497; x_wconf 85' lang='lat' dir='ltr'><strong>ux.</strong></span> <span class='ocrx_word' id='word_1_318' title='bbox 619 2461 751 2506; x_wconf 67' lang='lat' dir='ltr'><strong>ospV.</strong></span> <span class='ocrx_word' id='word_1_319' title='bbox 777 2479 822 2486; x_wconf 90' lang='lat'><strong>-—</strong></span> <span class='ocrx_word' id='word_1_320' title='bbox 847 2460 1231 2505; x_wconf 73' lang='lat' dir='ltr'><strong>20reuocabat1²pV‚</strong></span> <span class='ocrx_word' id='word_1_321' title='bbox 1255 2459 1441 2495; x_wconf 83' lang='lat' dir='ltr'><strong>reuocauit</strong></span> <span class='ocrx_word' id='word_1_322' title='bbox 1456 2458 1557 2495; x_wconf 89' lang='lat' dir='ltr'><strong>O.—</strong></span> 
     </span>
     <span class='ocr_line' id='line_1_39' title="bbox 147 2512 1558 2559; baseline -0.003 -9"><span class='ocrx_word' id='word_1_323' title='bbox 147 2514 195 2549; x_wconf 75' lang='lat'><strong>23</strong></span> <span class='ocrx_word' id='word_1_324' title='bbox 219 2514 381 2559; x_wconf 87' lang='lat' dir='ltr'><strong>concepit</strong></span> <span class='ocrx_word' id='word_1_325' title='bbox 404 2515 516 2559; x_wconf 82' lang='lat' dir='ltr'><strong>PpV.</strong></span> <span class='ocrx_word' id='word_1_326' title='bbox 541 2535 587 2541; x_wconf 94' lang='lat'><strong>—</strong></span> <span class='ocrx_word' id='word_1_327' title='bbox 612 2515 720 2556; x_wconf 75' lang='lat'><em>24125</em></span> <span class='ocrx_word' id='word_1_328' title='bbox 743 2515 839 2550; x_wconf 86' lang='lat' dir='ltr'><strong>intra</strong></span> <span class='ocrx_word' id='word_1_329' title='bbox 855 2541 864 2549; x_wconf 89' lang='lat'>.</span> <span class='ocrx_word' id='word_1_330' title='bbox 883 2542 891 2549; x_wconf 94' lang='lat'><em>.</em></span> <span class='ocrx_word' id='word_1_331' title='bbox 910 2540 919 2549; x_wconf 91' lang='lat'><strong>.</strong></span> <span class='ocrx_word' id='word_1_332' title='bbox 935 2514 1054 2549; x_wconf 85' lang='lat' dir='ltr'><strong>scelus</strong></span> <span class='ocrx_word' id='word_1_333' title='bbox 1076 2514 1167 2557; x_wconf 70' lang='lat' dir='ltr'><strong>fehlt</strong></span> <span class='ocrx_word' id='word_1_334' title='bbox 1194 2514 1327 2558; x_wconf 68' lang='lat' dir='ltr'><strong><em>OPPV.</em></strong></span> <span class='ocrx_word' id='word_1_335' title='bbox 1352 2532 1397 2539; x_wconf 89' lang='lat'><strong>—</strong></span> <span class='ocrx_word' id='word_1_336' title='bbox 1422 2512 1469 2546; x_wconf 76' lang='lat'><strong>25</strong></span> <span class='ocrx_word' id='word_1_337' title='bbox 1487 2521 1558 2546; x_wconf 88' lang='lat' dir='ltr'><strong>me-</strong></span> 
     </span>
     <span class='ocr_line' id='line_1_40' title="bbox 144 2564 1558 2613; baseline -0.003 -11"><span class='ocrx_word' id='word_1_338' title='bbox 144 2567 216 2603; x_wconf 85' lang='lat' dir='ltr'><strong>lius</strong></span> <span class='ocrx_word' id='word_1_339' title='bbox 239 2577 312 2612; x_wconf 88' lang='lat' dir='ltr'><strong>quo</strong></span> <span class='ocrx_word' id='word_1_340' title='bbox 336 2567 454 2603; x_wconf 82' lang='lat' dir='ltr'><strong>scelus</strong></span> <span class='ocrx_word' id='word_1_341' title='bbox 476 2566 500 2602; x_wconf 89' lang='lat' dir='ltr'><strong>i.</strong></span> <span class='ocrx_word' id='word_1_342' title='bbox 518 2578 554 2613; x_wconf 89' lang='lat' dir='ltr'><strong>p.</strong></span> <span class='ocrx_word' id='word_1_343' title='bbox 581 2567 716 2613; x_wconf 74' lang='lat' dir='ltr'><strong>OPpV.</strong></span> <span class='ocrx_word' id='word_1_344' title='bbox 741 2588 786 2594; x_wconf 95' lang='lat'><strong>—</strong></span> <span class='ocrx_word' id='word_1_345' title='bbox 811 2568 919 2610; x_wconf 74' lang='lat'><strong><em>26127</em></strong></span> <span class='ocrx_word' id='word_1_346' title='bbox 945 2566 993 2603; x_wconf 87' lang='lat' dir='ltr'><strong>bl.</strong></span> <span class='ocrx_word' id='word_1_347' title='bbox 1011 2566 1155 2602; x_wconf 86' lang='lat' dir='ltr'><strong>interim</strong></span> <span class='ocrx_word' id='word_1_348' title='bbox 1179 2577 1215 2601; x_wconf 91' lang='lat' dir='ltr'><strong>n.</strong></span> <span class='ocrx_word' id='word_1_349' title='bbox 1234 2566 1276 2600; x_wconf 88' lang='lat' dir='ltr'><strong>L.</strong></span> <span class='ocrx_word' id='word_1_350' title='bbox 1302 2585 1348 2592; x_wconf 90' lang='lat'><em>-</em></span> <span class='ocrx_word' id='word_1_351' title='bbox 1372 2564 1558 2599; x_wconf 75' lang='lat' dir='ltr'><strong>29deuen.</strong></span> 
     </span>
     <span class='ocr_line' id='line_1_41' title="bbox 149 2617 1556 2666; baseline -0.003 -10"><span class='ocrx_word' id='word_1_352' title='bbox 149 2621 336 2665; x_wconf 62' lang='lat' dir='ltr'><strong><em>OPPV-</em></strong></span> <span class='ocrx_word' id='word_1_353' title='bbox 353 2631 415 2656; x_wconf 91' lang='lat' dir='ltr'><strong>sex</strong></span> <span class='ocrx_word' id='word_1_354' title='bbox 439 2620 534 2656; x_wconf 81' lang='lat' dir='ltr'><strong>filios</strong></span> <span class='ocrx_word' id='word_1_355' title='bbox 560 2620 690 2666; x_wconf 79' lang='lat' dir='ltr'><strong>oPpV</strong></span> <span class='ocrx_word' id='word_1_356' title='bbox 713 2639 754 2646; x_wconf 91' lang='lat'>—</span> <span class='ocrx_word' id='word_1_357' title='bbox 781 2621 854 2656; x_wconf 89' lang='lat' dir='ltr'><strong>iam</strong></span> <span class='ocrx_word' id='word_1_358' title='bbox 876 2620 968 2665; x_wconf 61' lang='lat' dir='ltr'><strong>fehlt</strong></span> <span class='ocrx_word' id='word_1_359' title='bbox 991 2621 1036 2655; x_wconf 89' lang='lat' dir='ltr'><strong>L.</strong></span> <span class='ocrx_word' id='word_1_360' title='bbox 1054 2640 1098 2646; x_wconf 90' lang='lat'><em>—</em></span> <span class='ocrx_word' id='word_1_361' title='bbox 1116 2619 1348 2655; x_wconf 79' lang='lat' dir='ltr'><strong>30cathenas</strong></span> <span class='ocrx_word' id='word_1_362' title='bbox 1371 2617 1556 2662; x_wconf 77' lang='lat' dir='ltr'><strong>0PpV—</strong></span> 
     </span>
     <span class='ocr_line' id='line_1_42' title="bbox 146 2672 1454 2710; baseline -0.001 -1"><span class='ocrx_word' id='word_1_363' title='bbox 146 2674 184 2709; x_wconf 89' lang='lat' dir='ltr'><strong>in</strong></span> <span class='ocrx_word' id='word_1_364' title='bbox 219 2673 419 2709; x_wconf 64' lang='lat' dir='ltr'><strong>catulorum</strong></span> <span class='ocrx_word' id='word_1_365' title='bbox 446 2675 565 2710; x_wconf 81' lang='lat' dir='ltr'><strong>m.‘P.</strong></span> <span class='ocrx_word' id='word_1_366' title='bbox 1451 2672 1454 2673; x_wconf 47' lang='lat'><em>⁷</em></span> 
     </span>
    </p>
   </div>
   <div class='ocr_carea' id='block_1_5' title="bbox 217 2740 1418 2790">
    <p class='ocr_par' dir='ltr' id='par_1_5' title="bbox 217 2740 1418 2790">
     <span class='ocr_line' id='line_1_43' title="bbox 217 2740 1418 2790; baseline 0.001 -7"><span class='ocrx_word' id='word_1_367' title='bbox 217 2754 407 2790; x_wconf 70' lang='lat' dir='ltr'><strong>snmmlnng</strong></span> <span class='ocrx_word' id='word_1_368' title='bbox 424 2756 737 2784; x_wconf 70' lang='lat' dir='ltr'><strong>mittenaoetntscber</strong></span> <span class='ocrx_word' id='word_1_369' title='bbox 752 2756 859 2784; x_wconf 74' lang='lat' dir='ltr'><strong>Texte.</strong></span> <span class='ocrx_word' id='word_1_370' title='bbox 897 2757 924 2784; x_wconf 83' lang='lat'><strong>5.</strong></span> <span class='ocrx_word' id='word_1_371' title='bbox 984 2740 986 2742; x_wconf 26' lang='grc' dir='ltr'>Ι</span> <span class='ocrx_word' id='word_1_372' title='bbox 1401 2753 1418 2779; x_wconf 77' lang='lat'><strong>6</strong></span> 
     </span>
    </p>
   </div>
  </div>
 </body>
</html>
