1800 2930
757 139 1032 178 -60—

188 253 365 293 uidentes
393 266 435 293 se
463 266 549 293 esse
577 254 756 305 deceptos
794 254 843 293 ad
870 252 1091 293 irrisionem
1129 253 1250 293 uerba
1284 257 1494 317 uerterunt,
1534 253 1608 292 sub

187 312 323 364 yronia
350 313 430 365 regi
449 312 620 353 dicentes
641 313 791 353 bonum
807 313 1102 364 sapientemque
1121 301 1384 352 consiliarium
1403 325 1445 351 se
1462 312 1609 352 habere

188 372 253 423 qui
281 372 422 412 talibus
451 386 566 412 suum
603 372 788 424 palatium
826 373 1011 424 replesset
1039 372 1236 412 monstris.
1292 371 1344 411 At
1380 385 1449 411 rex
1490 372 1610 411 male-

187 431 362 472 dicorum
404 432 535 472 uerbis
575 432 736 472 minime
776 431 983 471 intendens
1012 454 1059 459 —
1091 432 1236 471 sciebat
1273 431 1378 471 enim
1414 431 1489 471 hoc
1526 444 1607 470 non

143 489 167 527 5
187 492 334 542 absque
371 504 414 530 re
450 491 534 531 fieri
564 513 610 519 --
640 492 901 542 interrogabat
940 491 1134 539 iuuenem,
1174 490 1265 542 quid
1302 491 1610 541 unumquodque

186 564 322 591 eorum
351 564 425 602 que
461 545 675 591 adduxerat
711 555 1004 602 representaret.
1061 550 1132 590 Cui
1169 550 1233 591 ille
1269 564 1338 602 per
1375 549 1527 601 singula
1553 550 1609 590 sic

185 610 400 662 respondit:

187 667 338 758 Oanis,
378 669 514 720 inquit,
555 683 668 709 meus
696 668 764 709 tibi
802 669 970 709 amicum
999 670 1189 721 optimum
1228 674 1477 721 representat.
1534 668 1609 709 Hic

53 782 55 784 Ι
267 729 371 769 enirn
409 742 563 768 mecum
610 742 855 780 quocumque
891 729 971 768 iero
1009 730 1157 769 uadens
1195 729 1364 780 pericula
1401 728 1608 768 fluminum

116 786 166 825 10
183 789 458 839 latronumque
491 801 699 828 mucrones
741 789 953 838 dentesque
992 788 1160 828 ferarum
1197 787 1328 828 subire
1367 801 1445 827 non
1486 787 1607 835 timet,

185 849 253 888 sed
281 846 407 899 ipsam
434 861 594 899 prorsus
622 852 788 887 mortem
818 852 974 898 propter
992 860 1057 887 me
1085 846 1257 899 despicit,
1287 860 1377 899 sepe
1406 848 1521 887 etiam
1541 860 1605 886 me

184 907 449 958 conuiuasque
477 920 586 947 meos
624 920 695 946 sua
733 907 853 946 nobili
891 906 1011 947 reficit
1047 908 1178 959 preda,
1218 920 1419 958 nunquam
1460 907 1609 957 absque

184 981 248 1008 me
273 967 386 1015 letus,
415 980 619 1017 nunquam
647 979 801 1006 mecum
829 966 947 1006 tristis
976 965 1161 1006 existens.
1201 966 1326 1016 Certe,
1354 979 1377 1005 0
1406 979 1486 1014 rex,
1508 979 1606 1005 nun-

184 1041 302 1078 quam
329 1031 410 1066 tam
439 1027 560 1066 fidum
588 1026 860 1077 sincerumque
888 1026 1055 1066 amicum
1084 1026 1190 1078 potui
1218 1026 1406 1074 inuenire,
1435 1026 1503 1065 sed
1532 1039 1605 1065 nec

115 1083 164 1122 15
184 1091 221 1127 te
249 1086 405 1137 quidem
432 1086 508 1126 hoc
536 1086 708 1138 potuisse
736 1099 834 1126 reor.

182 1145 386 1234 Asinum
413 1150 544 1185 autem
572 1159 705 1185 meum
724 1158 882 1185 seruum
906 1144 1174 1184 fidelissimum
1202 1144 1607 1196 patientissimumque

281 1205 349 1245 tibi
378 1206 533 1245 adduxi.
589 1205 663 1244 Hic
698 1205 802 1245 enim
842 1205 1011 1255 quolibet
1048 1218 1164 1244 mane
1199 1205 1247 1243 ad
1286 1205 1403 1244 siluas
1441 1217 1606 1255 pergens

181 1264 295 1316 lignis
324 1264 414 1304 inde
441 1265 538 1305 redit
566 1270 743 1313 onustus,
781 1265 921 1315 quibus
950 1279 973 1305 a
1000 1266 1116 1304 dorso
1144 1264 1328 1315 depositis
1365 1264 1604 1303 frumentum

181 1326 231 1365 ad
258 1325 527 1364 molendinum
555 1330 681 1376 portat
699 1329 945 1376 reportatque
964 1324 1154 1373 molitum,
1184 1323 1323 1364 deinde
1342 1337 1430 1363 curn
1451 1323 1600 1363 utribus

112 1380 166 1419 20
185 1385 233 1424 ad
253 1384 400 1424 fontem
419 1383 542 1436 pergit
560 1384 787 1435 reuehitque
806 1385 966 1424 domum
996 1384 1144 1435 plenos.
1183 1383 1282 1424 Cum
1301 1389 1430 1423 autem
1451 1382 1607 1423 cottidie

180 1444 253 1484 hec
281 1444 366 1484 sine
393 1457 595 1484 murmure
623 1449 660 1484 et
688 1444 939 1484 reluctatione
966 1443 1091 1491 faciat,
1129 1457 1209 1483 non
1238 1448 1366 1483 uestes
1393 1442 1600 1494 preciosas,

181 1516 262 1543 non
305 1503 412 1543 cibos
454 1502 570 1555 exigit
609 1503 803 1552 lautiores,
846 1504 914 1542 sed
951 1503 1090 1542 sufficit
1128 1502 1163 1542 ei
1201 1503 1234 1542 si
1262 1515 1399 1554 parum
1437 1502 1515 1541 feni
1542 1503 1604 1542 uel

181 1563 289 1615 palee
316 1576 388 1615 pro
414 1563 546 1603 labore
574 1562 758 1603 diuturno
796 1568 1068 1614 consequatur.
1124 1563 1251 1610 Quem
1291 1575 1423 1613 quesn,
1462 1576 1484 1601 ο
1522 1575 1603 1610 rex,

179 1623 242 1662 uel
269 1622 337 1662 ubi
364 1623 479 1662 talem
508 1635 667 1662 seruum
696 1621 921 1662 inueniam?
975 1622 1152 1661 Profecto
1180 1635 1386 1672 nusquam.

109 1678 160 1717 25
180 1679 331 1778 Quem
359 1687 489 1722 autem
517 1682 586 1721 tibi
615 1681 780 1721 mimum
799 1682 1002 1721 meliorem
1032 1681 1109 1721 filio
1137 1681 1299 1732 paruulo
1328 1680 1604 1721 adduxissem?

267 1741 341 1781 Hic
376 1741 519 1808 etenim
557 1741 676 1781 michi
714 1741 868 1782 cottidie
907 1741 1062 1781 exhibet
1098 1742 1210 1780 ludos
1247 1753 1385 1788 nouos,
1434 1741 1606 1791 dumque

180 1865 317 1909 sentat,
358 1860 498 1912 frangit
533 1861 655 1900 uerba
695 1874 771 1912 que
807 1861 920 1912 plene
958 1860 1130 1912 proferre
1169 1873 1251 1898 non
1280 1860 1394 1908 ualet,
1438 1864 1475 1899 et
1513 1872 1602 1899 cum

180 1919 341 1960 omnino
382 1933 462 1959 non
504 1920 625 1972 possit
665 1920 880 1971 exprimere
921 1920 1024 1971 quod
1066 1919 1301 1970 cogitauerit,
1345 1919 1465 1970 signis
1507 1919 1602 1959 illud

107 1975 162 2014 30
179 1984 365 2030 motuque
383 1979 554 2031 corporis
573 1979 804 2019 manifestat.
847 1980 929 2019 Sub
949 1993 1029 2019 uno
1049 1980 1262 2029 eodemque
1281 1979 1378 2018 hore
1397 1983 1598 2018 momento

178 2040 277 2079 letus
306 2044 343 2079 et
370 2038 503 2088 tristis,
531 2040 630 2079 flens
658 2044 695 2079 et
724 2039 853 2079 ridens
882 2039 1091 2087 inuenitur,
1119 2052 1192 2079 nec
1220 2039 1295 2079 hoc
1323 2038 1528 2078 artificiose
1558 2044 1603 2078 ut

302 2164 317 2198 1
346 2163 391 2198 ad
409 2163 514 2198 deris.
536 2163 668 2208 OPpV.
687 2184 732 2190 —-
746 2164 768 2198 Ε.)
791 2163 866 2209 regi
891 2163 1043 2198 dicendo
1060 2174 1279 2208 yconomum
1299 2162 1532 2205 (iconomium
1557 2163 1603 2206 V)

182 2227 259 2262 sap.
283 2217 415 2261 OPpV.
442 2237 487 2243 —
514 2216 535 2251 3
560 2216 620 2252 tal.
647 2219 693 2252 et.
719 2227 816 2251 nunc
842 2216 925 2262 pall.
951 2228 999 2251 m.
1018 2216 1106 2261 repl.
1132 2217 1295 2261 PpV.--
1321 2215 1381 2259 314
1396 2216 1479 2250 mal.
1498 2215 1603 2251 dictis

181 2281 231 2306 m.
250 2270 441 2305 attendens
462 2270 589 2315 OPpV
601 2291 646 2296 —
664 2271 724 2313 4l5
737 2281 811 2305 non
831 2282 863 2305 a.
882 2281 991 2305 causa
1011 2270 1144 2314 OPpV.
1163 2291 1208 2296 —
1238 2271 1282 2304 10
1294 2280 1467 2304 mucrone
1484 2270 1538 2314 Pp
1555 2288 1601 2294 -

178 2324 287 2359 dente
311 2334 377 2358 suo
407 2324 529 2368 OPpV
554 2345 599 2350 —
625 2324 758 2359 ferrum
786 2324 865 2358 sub.
887 2325 964 2359 OV.
991 2344 1036 2350 --
1066 2325 1103 2358 ll
1126 2334 1199 2359 non
1212 2323 1362 2368 despicit
1378 2325 1525 2368 propter
1541 2334 1600 2359 me

183 2378 268 2422 oPp
277 2377 316 2411 V.
331 2396 376 2402 —
405 2377 447 2411 13
465 2379 508 2412 tr.
534 2377 669 2412 exstitit
685 2378 770 2421 OPp
778 2378 817 2412 V.
837 2398 882 2403 —
914 2377 955 2412 14
972 2379 1135 2421 poteram
1150 2378 1214 2421 Ρρ.
1234 2395 1276 2402 -
1307 2377 1350 2411 16
1363 2378 1486 2411 autem
1510 2377 1601 2420 fehlt

182 2430 267 2475 OPp
278 2431 315 2466 V.
345 2449 386 2455 —-
417 2431 458 2465 17
483 2430 614 2466 siluam
639 2431 704 2475 Pp.
732 2450 775 2455 —
805 2431 849 2466 18
869 2431 912 2466 de
938 2431 1046 2465 dorso
1075 2431 1207 2475 OPpV.
1235 2449 1279 2455 -
1306 2430 1353 2464 20
1378 2429 1422 2465 ad
1447 2430 1599 2465 domum

182 2484 316 2529 OPpV.
349 2503 393 2508 —
430 2484 473 2519 21
501 2495 529 2519 s.
556 2484 849 2520 murmuracione
879 2485 1011 2529 OPpV.
1047 2505 1092 2510 —
1125 2486 1170 2519 22
1196 2495 1226 2519 c.
1252 2494 1306 2519 ex.
1334 2483 1515 2528 preciosos
1540 2483 1598 2519 uel

178 2537 355 2573 lauciores
384 2538 478 2583 OPp,
511 2549 542 2574 c.
567 2549 622 2573 ex.
649 2538 839 2574 deliciosos
864 2538 926 2573 sed
960 2539 1000 2574 V.
1027 2557 1074 2563 —
1098 2538 1144 2573 23
1170 2537 1324 2581 Quando
1349 2548 1409 2582 qu.
1439 2538 1516 2573 01⁷.
1553 2557 1596 2562 —

179 2591 226 2626 24
242 2601 430 2636 nunquam
456 2592 495 2627 P.
514 2612 560 2618 —
578 2592 624 2627 25
642 2591 726 2627 mel.
744 2602 826 2627 meo
845 2591 868 2627 f.
892 2592 969 2627 OV.
987 2612 1032 2618 —
1051 2592 1097 2626 98
1114 2602 1183 2636 que
1202 2601 1293 2636 pene
1311 2592 1375 2636 Pp,
1401 2601 1471 2635 que
1487 2601 1598 2626 senex

187 2646 229 2680 V.
243 2662 288 2670 —
299 2645 344 2680 29
358 2656 429 2690 que
442 2656 519 2691 cog.
538 2646 622 2691 OPp
631 2646 670 2682 V.
684 2664 730 2670 —
741 2646 788 2681 30
799 2645 877 2681 eod.
892 2644 1013 2691 spacio
1026 2645 1114 2680 hore
1129 2645 1213 2689 oPp
1224 2644 1260 2679 V.
1274 2665 1319 2670 —
1330 2645 1371 2679 31
1387 2647 1422 2680 et
1432 2644 1522 2679 flens
1532 2645 1597 2689 Pp.
