1806 3022
845 177 1091 215 -2-

267 297 434 332 uestram
454 292 538 332 dico
558 291 811 340 sanctitatem,
831 304 895 331 me
914 296 1037 332 totum
1051 291 1252 331 conferens
1271 303 1351 330 non
1367 288 1522 341 quidem
1541 293 1584 328 ut
1602 300 1675 328 uos

267 365 333 403 per
351 364 415 392 me
429 351 574 391 firmior
593 357 660 391 aut
678 351 813 391 clarior
827 351 1054 399 reddamini,
1074 351 1142 390 sed
1161 355 1204 390 ut
1230 363 1301 401 ego
1316 362 1384 401 per
1397 362 1468 389 uos
1483 353 1520 388 et
1539 347 1677 387 clarior

266 416 303 451 et
330 410 464 451 melior
482 410 635 459 efficiar,
665 423 824 462 presens
843 410 1071 462 opusculum
1100 410 1147 449 de
1174 422 1263 461 rege
1287 415 1324 449 et
1352 413 1500 460 septem
1528 406 1675 459 sapien-

266 471 370 511 tibus
398 470 555 519 editum,
584 469 776 522 primicias
804 470 944 510 scilicet
971 469 1152 521 ingenioli
1180 469 1268 517 mei,
1297 473 1427 508 uestre
1457 465 1675 518 paternitati

223 531 246 569 5
266 529 475 578 transmisi,
505 535 542 570 et
569 535 611 570 ut
632 543 662 579 >a
690 535 816 569 uestre
844 529 1017 569 Minerue
1045 530 1175 581 regula
1203 528 1414 580 corrigatur
1449 532 1485 567 et
1514 540 1538 566 a
1564 526 1676 566 uobis

266 589 529 630 auctoritatem
571 594 721 629 mutuet
754 594 791 628 et
830 589 1098 640 patrocinium.
1164 588 1337 640 Accipiat
1374 587 1506 637 itaque
1546 590 1676 626 uestra

266 648 441 700 dignacio
466 648 639 688 libellum
668 654 798 688 uestro
827 649 974 688 nomini
1002 653 1280 696 consecratum,
1316 647 1476 698 accipiat
1516 646 1675 696 inquam

267 709 409 759 primos
437 708 582 748 fructus
611 709 752 759 plante,
782 721 898 759 quam
931 708 1118 759 plantauit
1146 707 1293 747 amicus
1323 713 1464 755 uester,
1494 705 1676 745 dominus

266 767 470 816 Henricus,
489 767 712 807 monasterii
740 767 816 807 mei
834 767 1065 808 uenerabilis
1084 768 1337 819 dispensator,
1353 771 1471 816 utque
1498 763 1610 804 uobis
1629 764 1677 803 de

199 828 248 866 10
267 832 392 868 cetero
421 827 453 867 si
482 826 573 877 quid
592 827 791 878 contigerit
817 839 880 866 me
899 826 1065 867 scribere
1093 831 1314 867 reuerenter
1342 838 1557 876 assurgam,
1587 823 1678 863 huic

265 886 393 927 libello
431 899 502 926 uos
539 890 760 938 patronum,
793 900 874 926 non
910 886 1074 926 iudicem
1109 886 1310 937 prebeatis.
1367 885 1548 925 Ceterum
1572 895 1676 934 rogo

267 959 338 986 uos
357 945 538 986 obnixius
566 950 608 986 ut
635 942 761 997 super⁴
781 946 856 986 hoc
874 945 991 986 michi
1010 946 1219 986 rescribere
1237 943 1465 996 dignemini,
1496 942 1677 994 quatinus

266 1010 396 1045 uestra
422 1004 618 1056 rescriptio
647 1004 790 1045 inserta
809 1005 993 1057 opusculo
1021 1005 1144 1045 eidem
1163 1004 1427 1045 auctoritatem
1455 1003 1612 1054 prebeat
1640 1006 1677 1041 et

266 1064 437 1104 tutelam.
493 1064 599 1104 Bene
626 1065 761 1112 ualete,
791 1064 1031 1105 sanctissime
1059 1071 1180 1116 pater.

202 1123 246 1161 15
269 1122 488 1212 Ueterum
516 1123 834 1175 philosophorum
863 1124 1032 1164 studium
1059 1125 1135 1164 hoc
1162 1128 1285 1164 totum
1322 1123 1392 1162 fuit
1419 1134 1551 1162 rerum
1580 1120 1675 1160 ueri-

356 1188 474 1223 tatem
488 1182 836 1234 proprietatemque
845 1184 1044 1235 multiplici
1057 1183 1240 1234 uarioque
1256 1195 1436 1222 sermone
1450 1180 1676 1231 disquirere,

266 1255 401 1294 regum
428 1243 528 1283 bella
555 1247 592 1282 et
624 1242 830 1283 illustrium
858 1248 965 1295 gesta
998 1243 1183 1291 uirorum,
1224 1247 1337 1294 prout
1364 1247 1585 1292 temporum
1614 1241 1676 1279 de-

267 1315 402 1342 cursus
421 1302 679 1351 declarabant,
707 1302 859 1354 proprie
886 1308 923 1344 et
947 1304 1052 1343 nude
1076 1302 1303 1350 describere,
1332 1314 1462 1341 rerum
1481 1305 1677 1352 gestarum

266 1361 381 1401 fidem
411 1365 447 1401 et
475 1366 694 1413 temporum
721 1362 903 1403 noticiam
930 1362 970 1403 in
990 1363 1275 1414 exemplumet
1303 1360 1344 1400 in
1372 1359 1677 1400 admiracionem

197 1419 248 1458 20
266 1420 430 1471 posteris
457 1420 729 1472 relinquentes.
777 1422 887 1462 Vnde
914 1435 995 1462 non
1023 1421 1218 1462 modicum
1247 1420 1306 1461 sui
1334 1418 1476 1460 laboris
1504 1418 1677 1470 precium

266 1479 463 1520 consecuti
492 1481 540 1520 ad
568 1480 664 1520 tanti
690 1481 851 1521 honoris
887 1481 1081 1534 fastigium
1109 1481 1331 1532 attigerunt,
1366 1484 1408 1519 ut
1445 1491 1566 1530 supra
1593 1477 1677 1517 iura

266 1551 449 1578 concessa
475 1539 701 1580 mortalibus
728 1540 803 1580 ritu
829 1541 988 1581 deorum
1017 1541 1153 1582 statuis
1181 1539 1307 1580 aureis
1335 1539 1516 1589 cultuque
1546 1537 1678 1576 diuino

266 1598 475 1638 meruerint
494 1599 680 1639 uenerari.
715 1599 867 1639 Horum
885 1605 1014 1640 autem
1033 1601 1207 1653 exemplo
1226 1600 1502 1640 modernorum
1521 1596 1678 1647 quidam

266 1658 420 1705 incitati,
440 1659 507 1697 sed
520 1671 655 1698 eorum
674 1658 822 1698 dicendi
841 1661 1001 1700 modum
1017 1673 1262 1711 nequaquam
1278 1663 1482 1710 sequentes
1502 1656 1677 1696 animum

197 1716 247 1754 25
267 1722 304 1757 et
323 1717 491 1757 studium
511 1718 559 1757 ad
578 1718 771 1758 mendatia
790 1725 1063 1759 conuerterunt
1081 1720 1376 1770 malueruntque
1403 1718 1517 1757 falsas
1543 1715 1678 1755 laudes

267 1777 326 1816 uel
343 1776 530 1828 uituperia
549 1778 800 1818 commentari
819 1792 936 1830 quam
955 1792 1092 1831 puram
1110 1779 1151 1819 in
1165 1778 1365 1831 propatulo
1378 1777 1540 1829 positam
1554 1775 1677 1814 dicere

267 1835 478 1884 ueritatem,
505 1837 631 1877 conati
649 1837 807 1888 insuper
825 1839 1013 1879 fermento
1032 1838 1214 1879 mendatii
1234 1851 1382 1878 meram
1400 1850 1444 1877 ac
1464 1836 1677 1887 simplicem

267 1895 391 1946 ipsam
410 1908 655 1947 corrumpere
673 1897 873 1938 ueritatem
901 1903 939 1938 et
956 1898 1126 1939 ueritatis
1143 1899 1257 1950 pallio
1277 1896 1514 1938 mendatium
1542 1896 1676 1935 obum-

269 1955 391 2004 brare,
421 1954 608 2005 siquidem
636 1956 798 2008 propriis
825 1957 1089 1998 uoluntatibus
1116 1958 1238 2006 tracti,
1278 1962 1391 2010 prout
1426 1955 1558 2004 libido,
1597 1967 1676 1993 non

197 2014 249 2051 30
267 2013 362 2053 ratio
382 2013 512 2054 animo
531 2016 770 2066 suggerebat,
789 2016 883 2056 alios
902 2017 984 2057 aliis
1003 2030 1082 2058 non
1103 2022 1182 2058 tam
1200 2017 1302 2057 ueris
1322 2030 1438 2068 quam
1458 2013 1677 2056 adulatoriis

267 2071 447 2112 laudibus
476 2074 710 2125 preferentes
737 2075 917 2128 indignos
953 2082 989 2117 et
1017 2077 1230 2117 immeritos
1257 2090 1381 2127 usque
1417 2077 1466 2116 ad
1503 2076 1570 2116 celi
1599 2078 1676 2116 cul-

269 2131 375 2172 mina
403 2133 634 2181 extulerunt,
661 2135 754 2174 alios
773 2135 903 2175 itidem
932 2137 1067 2177 eodem
1087 2137 1335 2178 irrationabili
1363 2137 1503 2176 mentis
1532 2136 1676 2188 impetu

269 2191 402 2231 rabido
422 2205 487 2232 ore
506 2199 706 2244 carpentes
725 2194 914 2235 frustatim
934 2197 982 2236 ad
1010 2197 1171 2237 Tartara
1190 2197 1422 2245 direxerunt,
1452 2210 1520 2249 per
1547 2196 1678 2235 omnia

269 2250 476 2301 inequales,
505 2252 598 2291 dum
626 2253 699 2293 hos
727 2254 788 2294 uel
816 2254 902 2295 illos
930 2269 1047 2308 supra
1074 2258 1235 2298 modum
1262 2257 1374 2297 laude
1402 2257 1463 2296 uel
1492 2256 1677 2307 vituperio

198 2310 250 2348 35
271 2309 490 2361 deprimunt
518 2312 580 2351 uel
608 2313 807 2354 extollunt.
845 2315 942 2355 Illud
963 2316 1105 2356 etenim
1125 2317 1314 2357 laudabile
1327 2316 1447 2357 Oratii
1465 2315 1676 2355 ‘medium

271 2374 453 2435 tenere'
489 2371 703 2412 nescientes
740 2373 779 2413 in
817 2375 894 2414 duo
931 2376 1181 2417 collacteralia
1217 2376 1317 2417 uicia
1348 2377 1482 2416 dextra
1515 2377 1677 2426 leuaque

270 2428 385 2468 medii
413 2429 536 2480 posita
555 2430 703 2482 sibique
731 2434 921 2474 contraria
939 2441 1178 2486 corruerunt,
1208 2437 1301 2476 dum
1320 2441 1386 2477 aut
1415 2436 1578 2476 nimium
1608 2438 1677 2476 im-

271 2487 407 2527 mundi
434 2490 640 2555 etesordidi
669 2505 776 2533 more
804 2495 996 2546 reptilium
1025 2496 1338 2549 serpentiumque
1373 2497 1483 2537 humi
1517 2503 1677 2549 serpunt

271 2552 307 2586 et
325 2551 366 2586 ut
386 2560 501 2599 perol,
532 2549 650 2590 immo
671 2553 811 2603 spurci,
839 2555 997 2606 paludes
1017 2562 1149 2597 amant
1177 2563 1214 2597 et
1233 2557 1409 2598 sordibus
1428 2558 1676 2608 delectantur,

388 2648 412 2683 4
437 2649 583 2694 scilicet]
609 2651 782 2688 similiter.
