1800 2930
792 173 1062 211 -83-

228 286 302 326 bus
342 287 560 339 parabatur.
627 286 767 326 Mansit
807 292 936 326 autem
977 286 1050 326 sub
1092 287 1167 327 hac
1207 286 1345 328 iniuria
1385 301 1451 339 per
1490 294 1638 340 septem

226 346 430 386 continuos
447 358 573 386 annos
599 350 637 385 et
665 345 808 385 nudata
826 351 917 385 sunt
936 346 1098 386 menbra
1117 346 1180 386 illa
1198 346 1371 395 candida,
1401 347 1640 388 uestimentis

228 410 417 445 uetustate
456 404 657 457 corruptis,
699 417 988 455 conuersusque
1033 410 1093 444 est
1133 406 1279 446 candor
1324 406 1384 446 ille
1421 406 1557 447 niueus
1598 407 1638 447 in

229 464 478 515 nigredinem,
507 464 652 503 fiiscata
686 463 815 511 facies,
851 463 992 503 defossi
1025 464 1137 509 oculi,
1177 470 1310 515 rugata
1346 466 1464 512 frons,
1501 466 1639 517 nigrati

227 523 348 575 capilli
365 522 680 574 consumptisque
698 522 879 562 carnibus
906 522 1013 574 pellis
1032 528 1183 562 tantum
1202 536 1319 575 super
1336 537 1425 564 ossa
1452 525 1636 565 remansit
1654 529 1680 566 5

227 587 397 622 extensa.
436 581 592 621 Paruuli
606 586 735 621 autem
756 595 781 621 a
798 594 892 621 sene
910 582 975 621 illo
994 582 1227 634 philosopho
1248 582 1391 634 optime
1405 596 1473 635 per
1491 589 1639 635 septem

226 654 352 681 annos
379 640 463 680 illos
489 641 587 680 lacte
613 641 762 680 educati
795 640 954 680 ceruino
982 641 1059 680 iam
1086 642 1269 681 carnibus
1296 642 1428 681 auium
1455 643 1639 682 ferarum-

227 712 302 751 que
329 712 425 750 quas
453 699 524 751 ipsi
543 700 751 739 uenatione
768 700 972 751 capiebant
1000 701 1270 740 uescebantur.
1307 701 1401 741 Post
1417 701 1492 741 hoc
1510 706 1639 741 autem

226 758 510 811 dispensatione
549 764 690 798 cuncta
730 759 923 799 cernentis
968 759 1029 799 dei
1071 760 1228 811 contigit
1278 766 1321 800 ut
1360 760 1456 812 patri
1502 761 1639 800 siluam

227 817 394 858 uenandi
411 818 534 869 gratia
545 818 718 868 ingresso
738 819 887 869 paruuli
906 832 954 858 ex
973 819 1172 870 inprouiso
1191 825 1436 859 occurrerent
1455 820 1639 860 cathenas
1662 823 1710 862 10

224 890 360 917 aurens
386 877 488 917 circa
514 877 611 916 colla
638 877 837 917 habentes
892 878 967 927 Qui
996 878 1163 918 naturali
1190 879 1320 918 statim
1349 884 1474 919 tactus
1501 880 1638 919 affectu

223 937 322 988 cepit
349 935 537 987 fugientes
565 936 714 987 insequi
742 937 877 977 uolens
904 950 1042 989 capere
1079 950 1158 985 eos,
1195 939 1264 978 sed
1304 938 1378 978 illis
1405 944 1563 990 repente
1590 939 1640 978 ab

223 996 342 1035 oculis
369 995 453 1035 eius
488 995 773 1047 disparentibus
811 996 1009 1036 fraudatus
1047 996 1238 1036 desiderio
1272 1010 1344 1037 suo
1381 998 1430 1037 ad
1469 1003 1640 1037 castrum

224 1055 347 1104 rediit,
375 1061 507 1095 narrat
534 1055 712 1095 matriae
730 1055 866 1095 ceteris
889 1056 980 1106 quid
1009 1057 1225 1107 reperisset.
1280 1056 1347 1096 Illa
1374 1070 1467 1096 uero
1485 1055 1639 1097 conscia

223 1114 327 1162 mali,
365 1115 498 1155 animo
525 1114 607 1154 eius
635 1127 752 1166 super
778 1115 919 1154 auditis
946 1114 1134 1163 titillante,
1162 1115 1246 1155 ilico
1273 1129 1430 1155 seruum
1463 1117 1637 1159 aduocat,
1660 1118 1708 1157 15

223 1174 380 1225 inquirit
406 1174 438 1214 si
472 1175 655 1225 paruulos
691 1174 869 1214 occiderit
905 1180 973 1214 aut
1012 1174 1206 1225 reliquerit
1246 1174 1371 1215 uiuos.
1426 1175 1639 1215 Confitetur

222 1232 285 1272 ille
312 1233 425 1272 uiuos
452 1233 608 1283 quidem
635 1233 703 1272 sed
731 1233 861 1272 statim
898 1233 1106 1273 morituros
1143 1234 1217 1273 sub
1253 1234 1391 1274 arbore
1428 1234 1636 1285 reliquisse.

223 1292 336 1332 Tunc
363 1292 444 1332 illa:
472 1292 586 1332 Certe
611 1292 740 1339 hodie,
768 1292 833 1340 ait,
861 1306 885 1332 a
904 1292 982 1332 filio
1008 1306 1097 1332 meo
1116 1293 1263 1333 inuenti
1282 1299 1385 1341 sunt,
1415 1300 1450 1333 et
1471 1294 1544 1333 nisi
1563 1293 1639 1334 cito

222 1365 426 1393 succurras
453 1365 670 1403 querasque
694 1352 876 1402 paruulos
894 1353 1157 1403 cathenasque
1175 1353 1326 1393 auferas
1353 1355 1642 1404 quoquomodm

222 1418 260 1452 et
287 1425 352 1451 me
377 1417 416 1451 et
442 1417 480 1451 te
507 1411 717 1462 perdidisti.
1654 1416 1707 1455 20

277 1484 391 1511 ervus
417 1475 547 1511 autem
588 1475 669 1510 tam
706 1483 775 1522 pro
818 1483 861 1510 se
896 1483 1014 1521 quam
1057 1484 1127 1522 pro
1165 1471 1322 1511 domina
1359 1485 1429 1511 sua
1457 1472 1637 1512 sollicitus

305 1531 443 1571 siluam
483 1529 646 1570 festinus
688 1529 901 1581 ingreditur
937 1543 1078 1581 pueros
1115 1531 1347 1581 quesiturus.
1402 1532 1509 1580 Quos
1548 1545 1636 1572 cum

225 1590 349 1641 primo
376 1595 415 1630 et
440 1591 612 1630 secundo
640 1595 678 1630 et
711 1589 829 1630 tercio
855 1590 917 1629 die
955 1603 1024 1641 per
1060 1591 1226 1630 densum
1263 1591 1404 1630 saltum
1437 1591 1637 1641 quesisset,

224 1650 374 1690 inuenit
400 1662 467 1689 eos
494 1650 651 1689 tandem
669 1650 732 1690 die
749 1654 887 1700 quarta
906 1649 945 1688 in
965 1662 1109 1700 cygnos
1129 1651 1435 1698 transformatos,
1463 1651 1639 1690 ludentes

224 1710 264 1749 in
277 1709 437 1749 flumine
456 1709 637 1759 quodam,
664 1721 798 1748 sorore
816 1722 932 1760 super
947 1708 1071 1760 ripam
1090 1721 1225 1749 eorum
1239 1710 1424 1749 cathenas
1443 1715 1634 1750 seruante.
1655 1710 1707 1749 ⁶25

225 1769 325 1808 Dum
353 1781 444 1820 ergo
470 1769 544 1808 hac
579 1768 741 1819 illacque
776 1769 952 1808 ludentes
986 1768 1244 1808 discurrerent
1272 1774 1310 1808 et
1342 1769 1469 1820 puella
1503 1782 1637 1809 eorum

224 1829 335 1868 ludos
362 1829 510 1868 intenta
536 1827 786 1879 conspiceret,
814 1841 952 1867 seruus
979 1827 1043 1867 ille
1069 1833 1181 1868 caute
1206 1828 1448 1879 molliterque
1475 1841 1638 1868 mouens

224 1888 340 1939 pedes
366 1887 421 1927 illi
447 1886 668 1939 inprouisus
687 1887 911 1938 superuenit
938 1886 1171 1938 abstulitque
1199 1887 1234 1926 ei
1253 1887 1414 1927 fratrum
1441 1889 1637 1935 cathenas,

224 1960 295 1986 sua
322 1946 393 1986 sibi
422 1951 574 1989 tantum
601 1959 719 1997 quam
747 1946 810 1986 ille
837 1946 989 1986 auferre
1017 1959 1096 1986 non
1117 1946 1238 1998 potuit
1257 1951 1493 1986 remanente.
1526 1947 1638 1986 Redit

223 2019 314 2057 ergo
340 2007 441 2046 letus
468 2006 518 2045 ad
544 2005 744 2045 dominam
770 2006 957 2056 offertque
991 2006 1025 2045 ei
1053 2006 1250 2054 cathenas,
1292 2012 1405 2046 uocat
1440 2006 1504 2046 illa
1538 2006 1636 2046 auri-
1655 2005 1710 2044 30
1743 2039 1748 2047 .

223 2066 376 2105 fabrum
403 2065 553 2115 sibique
579 2065 717 2105 exinde
743 2066 910 2116 cyphum
931 2065 1012 2104 fieri
1041 2064 1156 2105 iubet.
1196 2065 1368 2117 Sumptis
1387 2065 1448 2105 ille
1466 2065 1638 2105 cathenis

224 2125 303 2176 igni
329 2138 395 2165 ees
422 2124 623 2176 temptauit
649 2125 862 2164 dissoluere
890 2137 963 2164 nec
991 2125 1125 2175 potuit,
1153 2125 1354 2176 temptauit
1380 2137 1446 2164 eas
1465 2124 1637 2164 martello

223 2185 411 2252 frangere,
442 2185 511 2224 sed
538 2183 580 2223 in
599 2197 747 2224 uanum
766 2184 938 2223 laborem
968 2185 1220 2236 consumpsit,
1249 2185 1320 2223 illis
1347 2197 1419 2224 nec
1445 2184 1546 2223 ferro
1565 2197 1639 2223 nec

223 2243 302 2295 igni
346 2244 584 2291 cedentibus,
613 2249 773 2295 excepto
814 2244 929 2283 unius
970 2244 1133 2283 cathene
1168 2244 1286 2283 anulo
1326 2243 1391 2294 qui
1432 2256 1638 2295 parumper

225 2309 429 2353 quassatus
456 2308 526 2343 est„
582 2302 726 2342 Videns
754 2316 846 2354 ergo
880 2303 982 2353 quod
1011 2303 1130 2342 nichil
1164 2302 1374 2354 proficeret,
1412 2302 1637 2354 ponderauit
1655 2300 1706 2338 35

342 2459 365 2493 3
389 2459 650 2502 corruptusque
674 2460 729 2492 est
761 2458 827 2501 Pp.
864 2476 910 2482 —
950 2459 973 2491 9
997 2460 1098 2502 patre
1133 2456 1276 2501 OPpV.
1305 2476 1345 2482 —
1376 2456 1420 2491 10
1443 2459 1636 2491 occurrunt

223 2512 331 2556 va.
358 2531 402 2537 —
430 2511 475 2546 15
497 2509 663 2545 tillitante
689 2510 734 2552 L,
760 2509 939 2545 titubante
963 2511 1003 2544 Ρ.
1021 2530 1066 2536 -
1086 2511 1130 2544 16
1149 2509 1335 2545 occidisset
1350 2512 1413 2544 aut
1437 2508 1635 2553 reliquisset

225 2564 328 2608 PpV.
367 2583 411 2589 —-
436 2564 483 2599 23
506 2563 542 2598 d.
567 2573 697 2598 nemus
724 2564 800 2599 oV.
831 2581 878 2589 —
908 2563 955 2598 26
978 2563 1050 2599 lud.
1069 2563 1205 2598 videret
1232 2562 1371 2607 OPpV.
1397 2582 1441 2588 —
1466 2562 1574 2605 26127
1599 2565 1635 2597 et

225 2617 381 2662 puellam
405 2617 500 2652 ludis
523 2627 647 2652 eorum
667 2617 842 2651 intentam
864 2615 1037 2661 conspicit
1056 2615 1149 2660 opp
1158 2617 1197 2651 V.
1217 2635 1259 2640 —
1277 2616 1324 2650 34
1347 2626 1474 2660 parum
1494 2614 1584 2659 opp
1592 2615 1632 2649 V.

226 2690 271 2697 —
296 2671 343 2705 35
366 2681 426 2715 qu.
451 2670 568 2706 fuerat
594 2670 688 2715 PpV
718 2690 762 2696 —
797 2670 892 2713 quod
918 2679 1045 2714 parum
1070 2673 1133 2704 aut
1157 2669 1227 2710 (uel
1255 2668 1296 2710 0)
1321 2678 1357 2704 n.
1376 2668 1465 2712 prof.
1493 2666 1625 2711 OPpV

978 2738 980 2740 .
1453 2731 1489 2759 ὕ,
