1800 2930
758 197 1030 236 -25-

191 311 397 363 liberisque
418 310 561 351 nostris
578 310 788 351 ludibrium
808 316 947 351 cuncto
966 312 1109 363 populo
1137 316 1362 351 statuemur.
1415 311 1470 351 Ve
1490 311 1602 351 nobis

191 371 356 418 miseris,
385 383 434 410 ue
462 370 575 410 nobis
603 370 860 417 infortunatis,
889 370 979 421 quia
1006 371 1187 421 laqueum
1216 370 1423 410 incidimus
1451 371 1498 410 de
1525 383 1601 421 quo

192 444 271 470 non
301 443 508 482 possumus
536 428 709 478 liberari;
738 429 905 480 vndique
935 430 1176 477 tribulamur,
1205 430 1377 480 undique
1413 429 1601 481 angustiis

190 493 424 529 coartamur!
478 489 512 529 Ο
539 502 645 528 mors
673 502 747 540 que
774 488 877 528 mille
905 488 1030 528 modis
1068 489 1106 527 in
1143 489 1337 540 prosperis
1374 490 1600 528 constitutos

190 548 363 588 incautos
391 548 557 600 perimis,
586 561 654 587 cur
682 561 754 587 nos
782 547 955 598 preteriis
983 548 1022 587 in
1059 547 1221 587 miseriis
1250 548 1492 595 constitutos,
1531 561 1599 587 cur
1645 555 1673 593 5

190 614 228 648 te
255 608 516 647 desiderantes
552 607 692 646 uideris
728 607 884 658 fugere?
938 607 971 647 Ο
1013 620 1085 646 nos
1126 607 1263 655 felices,
1303 620 1325 646 o
1361 620 1431 647 nos
1469 613 1601 657 terque

192 672 399 717 quaterque
427 667 571 714 beatos,
600 666 631 706 si
661 671 751 706 ante
777 667 850 706 hos
871 679 938 706 sex
966 679 1091 706 annos
1111 666 1148 706 in
1170 666 1233 706 illo
1261 667 1323 706 uel
1351 666 1389 705 in
1409 666 1474 706 illo
1501 666 1600 705 bello

191 726 230 765 in
260 725 445 776 obsequio
473 726 572 776 regis
598 726 707 777 positi
735 726 900 777 gloriose
927 725 1069 764 mortui
1097 725 1323 765 fuissemus!
1363 725 1440 764 Sed
1468 731 1601 765 nostra

191 784 355 832 miseria,
393 790 525 824 nostra
553 785 750 824 infelicitas
777 799 849 824 nos
875 785 967 824 huic
1004 784 1211 836 obprobrio
1245 784 1467 824 reseruauit.
1524 784 1598 823 Sed

191 844 377 894 numquid
398 857 476 883 non
498 843 635 884 melius
654 850 712 884 est
731 850 773 884 ut
803 844 964 896 propriis
984 843 1165 883 manibus
1185 849 1222 883 et
1241 843 1373 894 gladiis
1393 844 1598 895 fugientem
1623 849 1675 888 10

189 916 396 954 queramus
424 909 601 951 mortem,
630 904 888 955 nosmetipsos
917 904 1149 955 perimentes
1182 903 1362 954 quatinus
1391 916 1458 954 per
1484 902 1600 942 huius

188 962 323 1002 mortis
351 963 624 1013 compendium
653 976 676 1002 a
703 963 802 1014 regis
830 963 1051 1003 crudelitate
1079 968 1116 1002 et
1144 963 1193 1002 ab
1222 968 1355 1003 eterno
1393 962 1599 1013 obprobrio

187 1021 422 1062 liberemur?
459 1022 543 1061 Hiis
562 1028 598 1062 et
618 1022 700 1062 aliis
720 1023 895 1073 pluribus
915 1022 1114 1073 conquesti
1141 1022 1254 1073 legati
1282 1021 1412 1061 uerbis
1440 1021 1600 1061 omnino

187 1081 265 1121 iam
293 1082 341 1120 de
368 1081 490 1121 salute
518 1082 766 1133 desperantes
785 1088 982 1134 arreptum
1002 1082 1268 1132 nudatumque
1295 1081 1463 1132 gladium
1484 1093 1599 1120 suum

187 1153 260 1179 suo
287 1140 449 1191 quisque
475 1141 583 1180 lateri
611 1141 922 1192 immergendum
951 1142 1120 1192 apponit.
1177 1141 1288 1190 Quod
1308 1154 1397 1181 cum
1426 1146 1599 1180 cerneret
1622 1146 1674 1184 15

151 1215 154 1218 ⁴
186 1199 382 1247 Lucinius,
423 1200 648 1240 festinanter
693 1214 829 1240 eorum
872 1200 1034 1251 pedibus
1077 1213 1119 1240 se
1159 1201 1407 1252 prouoluens,
1459 1199 1598 1250 quibus

187 1265 336 1310 poterat
365 1259 524 1299 nutibus
552 1265 590 1299 et
616 1260 765 1300 indiciis
803 1273 869 1300 eos
903 1261 1098 1308 exorabat,
1135 1273 1185 1300 ne
1220 1273 1317 1311 opus
1350 1259 1474 1299 flebile
1511 1272 1599 1310 per·

187 1323 394 1369 pararent,
423 1332 469 1358 ac
496 1319 670 1370 singulos
698 1319 817 1358 oculis
844 1319 995 1367 liniens,
1025 1320 1162 1359 fouens
1181 1319 1435 1370 amplexibus,
1463 1331 1598 1358 eorum

186 1377 384 1417 tristiciam
413 1377 453 1417 in
480 1384 670 1428 quantum
698 1384 846 1430 poterat
873 1379 1075 1419 alleuabat.
1130 1379 1238 1427 Quos
1278 1378 1394 1418 etiam
1422 1383 1464 1417 ut
1491 1390 1598 1417 secu-

189 1436 308 1476 riores
336 1437 503 1477 efficeret
530 1443 568 1477 et
595 1439 643 1477 de
671 1438 793 1477 salute
813 1439 987 1477 redderet
1015 1438 1214 1485 cerciores,
1243 1437 1376 1477 litteris
1403 1437 1443 1476 in
1462 1437 1597 1476 cedula
1615 1442 1671 1481 20

187 1496 343 1547 propria
362 1510 483 1536 manu
511 1497 661 1548 scriptis
697 1510 764 1537 eos
796 1498 1046 1537 ammonebat
1094 1511 1143 1537 ne
1180 1503 1346 1537 mortem
1381 1502 1598 1548 quererent,

187 1556 280 1595 durn
309 1562 468 1607 possent
495 1557 606 1596 beate
634 1557 778 1605 uiuere,
807 1557 897 1607 quia
925 1562 962 1597 et
988 1557 1070 1609 ipse
1098 1570 1165 1596 eos
1193 1557 1240 1596 de
1260 1569 1335 1607 quo
1364 1557 1599 1596 uerebantur

187 1614 332 1666 optime
358 1616 461 1667 apud
482 1621 630 1667 patrem
649 1616 885 1668 Dolopathos
913 1622 1114 1656 excusaret
1133 1621 1170 1656 et
1198 1617 1374 1655 redderet
1402 1616 1598 1655 absolutos

186 1679 225 1714 et
253 1674 412 1714 forsitan
432 1675 638 1726 aliquando
666 1676 792 1716 soluto
818 1675 948 1726 lingue
967 1675 1124 1715 uinculo
1150 1676 1384 1726 loqueretur.
1423 1675 1596 1714 Recreati

185 1732 298 1784 igitur
324 1734 605 1784 aliquantulum
632 1735 744 1787 legati
771 1736 820 1774 ad
849 1748 979 1786 regem
997 1735 1180 1786 repedare
1200 1739 1347 1785 quanto
1366 1734 1483 1774 cicius
1510 1747 1595 1785 pos·
1616 1737 1671 1776 25

186 1798 279 1832 sunt
306 1793 500 1833 festinant.

184 1849 362 1938 Interea
394 1853 631 1904 Dolopathos
671 1859 832 1893 cunctos
869 1867 979 1904 reges
1018 1859 1055 1893 et
1096 1853 1287 1905 principes
1322 1866 1392 1892 sue
1424 1851 1598 1892 subditos

256 1911 433 1963 potestati
461 1913 510 1951 ad
528 1912 821 1952 Palernitanum
850 1913 989 1953 fecerat
1018 1913 1239 1961 conuenire,
1268 1913 1404 1952 uolens
1433 1912 1535 1963 quod
1562 1916 1600 1950 et

185 1970 275 2019 filio,
303 1971 398 2010 dum
426 1978 687 2019 coronaretur,
717 1972 941 2012 assisterent
968 1978 1006 2012 et
1040 1985 1111 2012 suo
1139 1972 1320 2023 homagio
1356 1977 1393 2011 et
1421 1971 1598 2011 fidelitate

184 2030 284 2070 facta
311 2030 360 2069 ab
379 2030 462 2081 ipso
490 2043 610 2082 regna
629 2032 842 2083 reciperent
870 2037 907 2071 et
934 2032 1116 2071 honores.
1155 2031 1464 2083 Congregauerat
1482 2030 1597 2070 etiam
1616 2033 1672 2071 30

184 2089 225 2129 in
252 2090 326 2129 hac
353 2090 488 2129 eadem
516 2090 668 2130 ciuitate
696 2091 879 2130 frumenti
906 2096 943 2131 et
962 2091 1043 2131 uini
1070 2096 1376 2141 cunctorumque
1404 2103 1478 2141 que
1497 2095 1598 2129 terra

185 2148 360 2200 marique
386 2150 584 2189 uehuntur
612 2151 754 2201 copias,
784 2164 858 2202 que
885 2150 968 2190 esui
996 2150 1172 2190 omnium
1200 2149 1494 2190 aduentantium
1521 2148 1596 2188 sus-

185 2208 299 2248 ficere
325 2214 495 2260 possent.
552 2209 628 2249 Sed
664 2210 750 2261 quis
779 2223 987 2250 numerum
1021 2223 1156 2250 eorum
1195 2210 1261 2260 qui
1297 2210 1345 2249 de
1378 2207 1597 2259 longinquis

184 2267 398 2318 uicinisque
426 2267 555 2320 regnis
583 2270 834 2318 aduenerant,
869 2270 1197 2320 comprehendere
1231 2269 1293 2308 uel
1329 2268 1508 2308 estimare
1532 2279 1595 2306 ua-

183 2326 284 2366 leat?
345 2327 470 2367 Tanta
504 2328 609 2367 enim
642 2328 808 2368 rnilitum
843 2329 1127 2379 mimorumque
1171 2341 1215 2368 ac
1255 2328 1489 2368 saltatricum
1522 2326 1596 2365 illic
1614 2328 1669 2366 35

286 2427 347 2469 5l6
363 2437 428 2462 cur
451 2438 519 2463 nos
542 2428 616 2463 des.
636 2427 773 2473 OPpV.
799 2449 843 2454 —
870 2430 892 2462 9
914 2428 997 2463 huic
1020 2427 1176 2463 ludibrio
1202 2427 1348 2472 OPpV.
1368 2447 1412 2453 -
1443 2427 1482 2461 17
1508 2436 1598 2471 opus

183 2479 342 2515 terribile
367 2479 507 2525 OPpV.
533 2501 577 2507 —
606 2482 649 2516 18
673 2485 709 2516 et
732 2481 957 2525 singulorum
991 2481 1115 2517 oculos
1145 2481 1167 2516 l.
1196 2480 1335 2525 OPpV.
1373 2501 1417 2506 —
1446 2480 1489 2514 19
1514 2479 1595 2514 alle-

184 2532 308 2568 uiabat
338 2533 414 2578 Pp,
448 2533 604 2570 leniebat
642 2535 681 2577 V,
712 2534 862 2570 liniebat
898 2535 940 2570 0.
972 2555 1017 2561 —
1055 2534 1100 2569 23
1131 2534 1209 2569 Dol.
1246 2534 1336 2577 fehlt
1372 2532 1464 2577 OPp
1472 2533 1511 2567 V.
1549 2552 1594 2558 —

185 2586 232 2621 25
264 2586 309 2622 al.
334 2586 425 2631 fehlt
463 2587 605 2633 OPpV.
637 2608 681 2614 —
719 2589 765 2623 28
799 2588 844 2623 ad
879 2587 1072 2633 pallacium
1112 2598 1219 2622 suum
1245 2587 1269 2622 f.
1300 2598 1331 2621 c.
1367 2586 1507 2630 OPpV.
1548 2605 1593 2610 —

185 2638 232 2674 29
261 2642 298 2675 et
320 2650 387 2675 sua
408 2640 577 2685 homagia
604 2639 743 2685 oPpV.
778 2661 823 2668 —-
862 2641 908 2676 34
932 2641 991 2676 uel
1015 2643 1081 2676 est.
1111 2640 1202 2683 fehlt
1228 2639 1372 2685 OPpV.
1404 2659 1448 2665 -
1481 2638 1528 2673 35
1552 2647 1597 2672 ac

185 2691 367 2728 satelitum
392 2693 435 2730 0.
