1800 2930
933 33 944 56 Ι

806 171 1079 210 -63-

236 287 400 327 uoluerit
437 292 591 327 tantum
628 286 777 338 nephas
814 291 1044 337 perpetrare.
1107 285 1268 326 Uidetur
1303 286 1409 325 enim
1445 285 1563 326 michi
1598 286 1655 326 in-

236 359 479 398 consequens
519 352 563 386 ut
603 346 754 397 aliquis,
797 345 966 385 maxime
1013 345 1266 397 philosophus
1309 345 1371 385 cui
1411 358 1563 397 semper
1609 346 1656 385 de

235 405 445 446 uirtutibus
473 406 646 447 studium
674 411 744 454 est,
773 410 861 457 post
888 410 944 445 tot
972 410 1010 445 et
1037 410 1144 445 tanta
1180 404 1391 445 infortunia
1418 405 1491 445 sub
1519 405 1656 445 eodem

235 471 278 505 ut
305 465 358 506 ita
385 466 549 506 dixerim
582 470 784 505 momento
820 466 869 505 ad
897 470 1047 505 tantam
1075 464 1278 505 libidinem
1315 465 1407 504 uelit
1443 464 1505 504 uel
1534 463 1658 516 possit

191 528 216 566 5
236 526 414 565 defluere.
471 525 572 565 Cum
609 524 758 565 cunctis
797 537 887 576 ergo
930 524 1104 573 dubium,
1145 525 1266 564 immo
1306 537 1465 576 prorsus
1506 523 1658 564 ueritati

235 584 472 625 contrarium
492 585 683 635 uideatur⁴
701 586 845 632 darem,
867 598 890 624 ο
908 597 988 632 rex,
1018 584 1109 624 utile
1129 584 1196 624 tibi
1215 584 1431 631 consilium,
1451 588 1494 623 ut
1513 583 1657 623 factum

236 644 438 684 cuiusdam
457 643 658 684 iustissimi
685 644 785 696 regis
804 644 960 684 imitans
980 644 1057 684 filio
1085 657 1275 696 parceres.
1315 643 1507 695 Quicquid
1526 648 1658 683 tamen

235 706 284 745 de
311 718 357 744 eo
385 709 543 744 acturus
578 704 643 752 sis,
682 699 772 743 audi
800 717 884 743 rem
922 709 1083 755 gestam.
1140 704 1252 743 Tunc
1291 717 1357 743 rex
1396 702 1545 743 cunctis
1583 704 1656 743 sub

235 764 371 804 mortis
398 763 712 804 interminatione
740 763 874 803 indicit
901 763 1109 812 silentium,
1145 769 1182 803 et
1210 763 1365 815 sapiens
1394 762 1657 803 narrationem

168 824 218 863 10
236 837 348 864 suam
375 823 450 863 hiis
477 823 607 863 uerbis
635 823 786 875 incipit:

387 923 627 981 [Historia
659 923 818 978 quinti
849 924 1104 980 sapientis:
1136 923 1318 970 viduae
1349 923 1511 980 filius]

237 1001 431 1099 Quidam
459 1002 731 1042 Romanorum
768 1015 837 1042 rex
874 1003 966 1042 dum
995 1002 1202 1053 aliquando
1237 1007 1373 1042 contra
1405 1002 1551 1050 hostes,
1591 1002 1656 1052 qui

324 1063 402 1102 iam
429 1062 644 1101 maximam
663 1062 772 1113 regni
792 1062 852 1102 sui
877 1067 1026 1113 partem
1045 1067 1340 1113 occupauerant,
1370 1074 1460 1101 cum
1488 1061 1657 1101 exercitu

237 1126 424 1173 pergeret,
452 1121 610 1173 contigit
638 1126 681 1161 ut
709 1135 777 1173 per
806 1123 998 1172 quendam
1028 1121 1205 1162 transiret
1232 1121 1418 1161 uiculum.
1475 1121 1654 1161 Habebat

236 1181 290 1221 ibi
318 1181 436 1221 uidua
464 1182 630 1232 quedam
660 1194 806 1232 pauper
843 1194 931 1221 cum
960 1180 1037 1221 filio
1065 1181 1181 1221 unico
1209 1181 1500 1231 domunculam,
1536 1194 1658 1220 unam

169 1247 217 1286 15
236 1245 389 1281 tantum
408 1242 455 1280 de
480 1240 629 1280 cunctis
649 1254 724 1292 que
741 1240 783 1280 in
802 1242 951 1281 mundo
970 1245 1179 1280 mouentur
1197 1240 1421 1291 gallinulam
1441 1241 1659 1292 possidens.

238 1302 483 1341 Transeunte
510 1305 640 1340 autem
669 1313 738 1351 per
770 1305 860 1340 ante
887 1299 1004 1339 huius
1033 1301 1194 1339 domum
1222 1299 1391 1339 exercitu
1419 1299 1520 1351 regis
1557 1300 1658 1339 filius

237 1360 546 1402 adolescentulus
573 1359 794 1411 accipitrem
822 1373 937 1410 quem
976 1359 1165 1399 nobilium
1193 1372 1302 1399 more
1337 1372 1459 1398 manu
1487 1359 1661 1410 gestabat

238 1420 286 1459 ad
314 1419 496 1471 gallinam
525 1419 641 1459 uidue
668 1419 766 1459 iecit.
823 1419 898 1467 Qui
927 1419 1021 1458 dum
1048 1419 1220 1459 recuruis
1249 1418 1445 1470 unguibus
1472 1418 1657 1458 miseram

237 1480 454 1528 suffocaret,
489 1479 605 1519 uidue
633 1478 734 1518 filius
770 1478 918 1518 auicule
946 1491 1170 1518 succurrere
1204 1479 1341 1518 uolens
1369 1477 1531 1517 accurrit
1560 1477 1654 1517 aeci-

106 1563 108 1565 *
167 1545 220 1583 20
238 1539 453 1591 pitremque
472 1539 572 1579 fuste
591 1552 820 1590 percussum
841 1537 986 1578 occidit.
1029 1538 1090 1578 Ob
1108 1538 1184 1577 hoc
1196 1537 1297 1589 regis
1317 1537 1416 1577 filius
1435 1537 1659 1589 indignatus

237 1599 566 1649 uehementerque
607 1599 740 1638 furens
781 1598 823 1637 in
862 1597 1008 1637 ultione
1047 1597 1238 1648 accipitris
1284 1597 1343 1636 sui
1384 1597 1500 1636 uidue
1540 1596 1661 1636 filium

238 1671 425 1698 mucrone
452 1659 741 1698 transuerberat
779 1662 816 1697 et
852 1657 1034 1702 abscedit.
1091 1657 1193 1706 Quid
1230 1670 1322 1708 ergo
1358 1656 1477 1696 uidua
1515 1669 1663 1708 pauper

239 1722 380 1770 ageret⁷
422 1717 499 1758 filio
527 1719 642 1757 unico
681 1723 719 1757 et
757 1730 828 1756 sua
866 1715 1178 1768 possessiuncula
1219 1716 1424 1756 destituta?
1485 1715 1662 1756 Cucurrit

240 1778 391 1818 concita
409 1782 497 1829 post
515 1790 646 1829 regem
660 1782 958 1827 assecutumque
971 1776 1151 1824 lacrimis,
1172 1789 1281 1825 uoce,
1301 1775 1533 1827 singultibus
1553 1780 1663 1827 rogat

168 1842 220 1881 25
240 1837 424 1888 quatinus
453 1837 575 1876 filium
595 1850 711 1876 suum
739 1835 881 1876 iniuste
910 1835 1081 1876 occisum
1106 1835 1330 1875 uindicaret.
1386 1835 1470 1875 Rex
1498 1848 1592 1874 uero
1619 1840 1662 1874 ut

240 1902 322 1938 erat
335 1898 528 1936 mansueti
548 1896 847 1947 miserantisque
865 1896 1025 1936 affectus
1040 1895 1172 1943 animi,
1186 1896 1350 1947 gradum
1365 1895 1487 1946 figens
1502 1893 1662 1934 uiduam

239 1957 382 1996 blande
408 1956 622 2007 leniterque
649 1960 850 1996 ammonet
886 1960 928 1995 ut
955 1955 1122 1995 reditum
1150 1955 1232 1994 eius
1265 1955 1315 1994 ab
1341 1953 1522 1994 hostibus
1550 1953 1662 1993 susti-

225 2021 360 2071 neret.
417 2016 541 2063 Tunc,
569 2015 763 2067 inquiens,
793 2014 914 2055 filium
941 2020 1053 2054 tuum
1080 2019 1123 2054 ut
1150 2013 1319 2054 uolueris
1346 2013 1564 2053 uindicabo.
1611 2013 1662 2052 At

240 2076 376 2116 uidua:
405 2076 452 2116 Et
481 2075 573 2127 quid
592 2076 670 2124 fiet,
698 2076 762 2124 ait,
792 2074 884 2114 siin
912 2075 1013 2114 bello
1041 2074 1250 2114 occideris?
1279 2073 1364 2124 quis
1390 2073 1510 2112 filium
1530 2085 1662 2112 meum

363 2201 420 2244 1s2
446 2200 708 2236 inconueniens
728 2201 769 2235 V.
789 2219 832 2225 —-
858 2199 882 2234 4
895 2199 1013 2234 dicam
1033 2198 1170 2243 OPpV
1188 2217 1231 2224 —
1250 2197 1339 2233 uelit
1355 2197 1414 2233 uel
1429 2198 1520 2242 fehlt
1540 2197 1665 2242 OPpV

241 2274 288 2279 —
320 2265 425 2299 posse
450 2256 508 2299 Pp
541 2273 581 2279 —-
609 2254 632 2289 5
657 2253 835 2299 profluere
864 2254 948 2298 OPp
957 2254 997 2289 V.
1024 2273 1069 2279 —-
1096 2253 1115 2288 7
1143 2251 1324 2288 mitissimi
1348 2251 1444 2296 regis
1462 2250 1596 2297 OPpV
1618 2270 1660 2277 —

242 2307 434 2343 imitareris
458 2307 606 2352 filioque
632 2307 771 2352 OPpV.
798 2326 843 2332 -
870 2307 928 2350 718
954 2306 1133 2351 Quicquid
1159 2332 1167 2341 .
1187 2333 1196 2342 .
1215 2332 1223 2340 .
1249 2309 1387 2351 gestam
1411 2305 1502 2349 fehlt
1529 2305 1661 2349 OPpV.

246 2380 284 2387 -—
314 2362 336 2396 9
360 2361 504 2397 termin.
532 2361 573 2403 L,
609 2361 907 2396 incriminacione
936 2361 1013 2396 OV.
1049 2379 1095 2386 —
1132 2360 1175 2395 13
1199 2359 1292 2396 Hab.
1318 2358 1415 2395 enim
1443 2358 1492 2394 ibi
1525 2358 1661 2403 OPpV.

242 2433 291 2440 —-
322 2415 365 2449 15
402 2414 575 2460 gallinam
612 2425 706 2460 poss.
737 2414 816 2450 OV.
855 2435 900 2440 —
948 2415 995 2449 20
1018 2413 1250 2460 indignanter
1270 2423 1308 2458 p.
1340 2431 1389 2438 —
1418 2412 1461 2447 21
1489 2411 1570 2447 ueh.
1598 2439 1607 2447 .
1626 2438 1662 2446 ..

243 2479 316 2504 acc.
342 2469 432 2512 fehlt
451 2468 593 2513 OPpV.
629 2489 674 2495 —
701 2468 746 2503 22
777 2478 890 2504 muer.
915 2479 991 2503 nur
1016 2469 1064 2509 L;
1100 2467 1148 2503 fil.
1173 2466 1363 2503 interfecit.
1413 2465 1508 2510 Quid
1538 2476 1569 2501 e.
1600 2465 1663 2500 illa

243 2533 299 2568 ag.
328 2521 468 2567 OPpV.
495 2542 541 2548 —
566 2522 613 2557 23
638 2521 661 2557 f.
676 2533 711 2557 u.
729 2524 765 2556 et
785 2522 919 2567 gallina
943 2521 1051 2556 unica
1075 2521 1163 2556 dest.
1190 2522 1232 2563 P,
1258 2520 1283 2556 f.
1307 2531 1343 2556 u.
1369 2522 1404 2556 et
1429 2518 1549 2564 galina
1573 2518 1662 2554 dest.

190 2574 192 2577 ’
247 2575 352 2621 opV.
367 2594 412 2600 —
425 2575 473 2611 24
491 2578 572 2621 post
589 2586 616 2610 r.
637 2575 799 2610 clamans
816 2586 899 2610 cum
913 2574 999 2610 lacr.
1017 2585 1052 2610 u.
1071 2585 1204 2620 magna
1217 2564 1504 2619 singultibusque
1520 2572 1613 2617 01³1>
1622 2574 1663 2607 V.

244 2650 290 2656 —
303 2629 411 2673 05l26
433 2632 473 2664 ut
491 2632 568 2665 erat
586 2629 900 2664 mansuetissimus
914 2630 1136 2671 (mansuetus
1153 2629 1233 2671 OV)
1245 2627 1353 2664 vidue
1366 2626 1498 2662 blande
1515 2637 1663 2672 respon-

245 2683 298 2719 dit
321 2683 392 2719 len.
422 2683 507 2728 01²1»
519 2684 558 2719 V.
586 2702 632 2708 —
657 2683 704 2718 29
729 2693 853 2718 meum
876 2683 968 2726 fehlt
994 2683 1036 2718 L.
