1800 2930
673 172 945 211 *93*

106 287 280 327 mittens:
301 287 408 335 Ecce,
423 287 487 334 ait,
502 286 618 327 ambo
637 286 721 326 sine
739 291 836 327 taete
854 300 1007 327 sumus:
1026 286 1142 327 redde
1161 299 1251 338 ergo
1267 285 1516 338 promissum,

105 346 309 387 insinuans
323 346 440 386 michi
457 346 654 397 quomodo
672 345 841 397 perditus
860 345 971 385 suerit
988 346 1121 393 homo,
1149 358 1219 396 pro
1233 358 1310 396 quo
1329 346 1517 385 saluando

106 419 264 446 necesse
291 405 402 446 suerit
429 410 641 445 creatorem
669 404 844 444 omnium
873 404 952 444 fieri
980 410 1208 444 creaturam.

106 463 199 553 Cui
227 470 402 505 sanctus:
432 464 492 511 vt,
521 463 656 516 inquit,
685 477 709 504 o
736 463 991 504 illustrissime
1018 463 1203 511 uirorum,
1241 463 1385 503 facilius
1412 463 1519 503 intel-

194 524 302 575 ligas,
338 524 377 563 in
407 537 483 575 qua
509 523 628 575 gloria
654 528 806 563 creatus
833 522 883 563 sit
908 523 1028 563 homo
1061 527 1098 563 et
1135 523 1329 573 quomodo
1356 523 1405 562 ab
1433 522 1515 574 ipsa
1537 526 1561 562 ἴ»

107 583 284 624 ceciderit
310 588 348 623 et
376 583 415 623 in
433 584 509 623 hoc
536 584 769 634 dampnatus
797 581 845 622 sit
872 583 1019 622 mundo
1047 594 1175 632 quoue
1202 581 1336 621 ordine
1363 594 1519 632 recupe-

106 648 212 682 ratus
240 642 301 691 sit,
328 642 486 693 paulum
513 641 691 694 superius
718 642 749 681 si
778 641 902 692 placet
930 641 1125 681 ordiamur
1144 652 1378 680 sermonem.
1416 639 1520 679 Deus

108 715 213 754 ergo,
232 701 406 742 omnium
426 714 556 741 rerum
576 700 818 753 principium,
847 701 928 752 ipse
946 705 1077 740 tamen
1097 699 1180 739 sine
1198 699 1304 739 omni
1333 698 1518 751 principio

106 762 288 809 existens,
316 761 454 809 celum,
483 766 638 808 terram,
668 773 775 800 mare
803 759 958 807 creauit,
995 773 1074 800 non
1104 759 1260 810 quidem
1289 771 1336 798 ex
1364 757 1519 797 informi

106 821 168 861 uel
196 821 322 872 aliqua
349 820 555 872 preiacenti
582 819 755 868 materia,
791 833 908 871 quam
935 820 1046 859 Plato
1082 819 1181 870 ylem
1214 822 1339 866 uocat,
1381 818 1448 857 sed
1476 822 1518 856 ut
1541 820 1590 859 10

106 880 183 925 dixi
210 893 256 920 ex
285 879 441 919 nichilo.
483 879 540 919 Ex
567 879 643 919 hiis
662 892 819 919 omnem
848 879 950 918 hanc
967 878 1059 918 solis
1077 890 1122 917 ac
1142 878 1233 917 lune
1252 882 1289 916 et
1308 877 1519 924 stellarum,

47 961 49 964 ⁴
107 939 333 979 animalium
351 952 505 990 quoque
523 940 816 990 quadrupedum
835 938 1044 989 auiumque
1062 950 1107 977 ac
1134 935 1308 988 piscium,
1337 936 1520 975 arborum

106 1004 221 1049 atque
260 999 472 1038 herbarum
513 998 599 1038 fecit
639 997 948 1049 pulcritudinem.
1002 996 1188 1037 Ordinato
1223 995 1336 1046 igitur
1373 995 1521 1034 mundo

107 1057 437 1109 pulcherrimeque
455 1057 640 1109 disposito
668 1057 877 1097 delectatus
895 1061 953 1096 est
980 1068 1158 1096 summus
1186 1054 1320 1094 artifex
1347 1053 1387 1093 in
1407 1066 1522 1104 opere

107 1130 178 1156 suo
214 1117 374 1168 uisaque
415 1122 507 1156 sunt
546 1117 585 1156 in
626 1116 746 1156 oculis
783 1116 864 1156 suis
900 1114 1033 1156 omnia
1066 1115 1178 1154 ualde
1205 1114 1319 1154 bona.
1376 1113 1519 1152 Verum
1542 1115 1591 1154 15

105 1176 288 1227 quoniam
317 1190 398 1216 non
435 1182 518 1216 erat
553 1176 619 1227 qui
651 1177 725 1216 hac
762 1175 1045 1228 pulchritudine
1081 1174 1347 1221 delectaretur⁷
1387 1185 1520 1212 secum

106 1235 188 1287 ipse
228 1249 382 1276 summe
421 1236 550 1276 bonus
591 1235 774 1286 omnique
815 1247 953 1275 carens
989 1233 1135 1274 inuidia
1170 1232 1338 1283 aliquem
1375 1231 1519 1272 habere

106 1296 239 1344 uoluit,
280 1295 340 1335 cui
382 1301 511 1347 posset
551 1308 620 1335 sue
660 1295 780 1347 glorie
816 1308 861 1334 ac
900 1293 1080 1334 bonitatis
1121 1292 1273 1333 diuitias
1319 1290 1516 1343 impertiri.

106 1355 317 1396 Plasmauit
343 1355 472 1406 itaque
498 1355 576 1395 alto
602 1354 762 1395 consilio
789 1354 982 1405 quoddam
1002 1352 1187 1393 eximium
1215 1351 1428 1401 ceterisque
1455 1363 1518 1390 ex-

104 1415 247 1455 cellens
275 1414 432 1463 animal,
458 1414 659 1454 hominem
685 1413 828 1454 scilicet
846 1414 894 1453 ad
921 1411 1141 1464 ymaginem
1169 1416 1206 1451 et
1234 1409 1523 1451 similitudinem
1541 1410 1595 1449 20

106 1487 232 1522 suam,
259 1475 455 1525 quoddam
473 1474 507 1513 ei
526 1473 702 1513 diuinum
721 1472 915 1525 inspirans
933 1485 1011 1523 quo
1029 1476 1161 1512 carent
1179 1475 1307 1511 cetera
1330 1468 1523 1515 animalia,

108 1533 335 1573 rationalem
363 1533 539 1573 uidelicet
574 1532 745 1573 animam
781 1545 859 1582 qua
886 1531 999 1571 sciret
1033 1529 1240 1570 conditoris
1275 1529 1333 1569 sui
1368 1540 1524 1568 seruare

108 1592 270 1644 gratiam
298 1597 336 1632 et
363 1592 579 1632 discernere
617 1593 766 1632 bonum
802 1605 826 1631 a
861 1591 976 1630 malo.
1031 1589 1136 1630 Fecit
1163 1588 1279 1629 etiam
1315 1587 1388 1627 sibi
1415 1587 1519 1627 adiu-

108 1652 248 1692 torium
276 1652 328 1692 illi
355 1664 423 1703 per
450 1651 582 1691 omnia
608 1650 742 1699 simile,
771 1650 985 1690 mulierem.
1041 1649 1122 1689 Nec
1148 1649 1222 1689 hos
1249 1647 1404 1699 quidem
1431 1659 1525 1697 qua-

106 1712 298 1763 drupedes
324 1716 389 1751 aut
418 1716 547 1751 mutos
565 1715 632 1751 aut
658 1711 792 1750 oculos
819 1710 1001 1749 deorsum
1028 1713 1205 1748 tenentos
1232 1718 1362 1747 creare
1390 1704 1523 1753 uoluit,
1542 1705 1596 1745 25

108 1772 177 1811 sed
205 1776 365 1819 erectos,
393 1771 616 1821 eloquentes
643 1771 851 1820 oculosque
878 1781 1036 1808 sursum
1061 1768 1263 1808 habentes.
1318 1766 1419 1805 Nam

217 1831 398 1870 ‘Cetera
425 1843 526 1870 cum
554 1843 700 1881 prona
728 1833 941 1881 spectent
967 1827 1193 1867 animalia
1219 1831 1393 1871 terras,

213 1891 275 1931 Os
302 1889 480 1930 homini
509 1889 708 1929 sublime
735 1887 861 1928 dedit
887 1887 1136 1938 celumque
1163 1884 1306 1932 tueri,

216 1949 361 1989 lussit
389 1954 432 1992 et
459 1953 642 1989 erectos
669 1949 725 1988 ad
753 1948 904 1988 celum
932 1947 1106 1986 tollere
1132 1945 1321 1993 uultus,’

110 2014 153 2049 ut
179 2022 334 2061 semper
359 2010 408 2049 ad
434 2009 542 2049 illum
570 2008 702 2048 oculos
728 2008 891 2048 haberet
917 2006 1064 2046 defixos
1091 2018 1115 2045 a
1133 2017 1210 2056 quo
1238 2003 1424 2055 originem
1443 2006 1524 2040 tan-
1543 2001 1596 2038 30

111 2069 215 2120 tique
253 2068 415 2109 honoris
455 2072 603 2108 teneret
643 2067 910 2120 principatum.
980 2065 1097 2105 Hunc
1135 2062 1440 2116 pulcherrimum
1481 2072 1526 2099 ac

111 2127 439 2180 sapientissimum
466 2127 641 2168 omnium
668 2140 745 2178 que
772 2127 846 2166 sub
874 2125 955 2165 celo
974 2128 1172 2165 creauerat
1199 2121 1398 2163 constituit
1425 2119 1525 2172 prin-

109 2188 233 2240 cipem
261 2187 465 2239 posuitque
491 2200 582 2227 eum
609 2200 699 2227 cum
726 2199 847 2226 uxore
874 2185 914 2225 in
934 2190 1019 2225 orto
1037 2183 1273 2230 deliciarum,
1301 2194 1417 2232 quem
1445 2179 1525 2230 ipse

110 2246 151 2287 in
169 2247 336 2287 Orientis
363 2247 485 2298 capite
512 2247 766 2298 plantauerat,
786 2244 914 2285 omnis
944 2243 1095 2296 generis
1114 2241 1320 2283 arboribus
1339 2244 1376 2280 et
1394 2237 1525 2279 herbis

229 2348 251 2382 6
276 2349 444 2392 operatus
471 2347 511 2387 0,
535 2348 722 2391 reparatus
752 2346 786 2379 V
809 2366 852 2371 —
880 2345 900 2379 7
918 2343 1066 2389 paulum
1093 2342 1195 2379 (loni.
1212 2342 1291 2382 Eb..
1317 2350 1445 2386 pamm
1470 2340 1527 2373 die

112 2401 198 2436 11⁸³.
236 2419 280 2426 -
318 2399 527 2435 ordinemus
554 2400 639 2444 opp
648 2400 691 2435 V.
722 2419 767 2426 —-
804 2399 826 2433 9
851 2409 896 2434 ex
920 2398 1038 2433 forma
1061 2395 1121 2431 uel
1149 2396 1283 2440 OPpV.
1319 2413 1362 2419 —
1402 2393 1448 2428 10
1471 2392 1526 2436 yle

113 2454 219 2498 PpV.
241 2473 289 2478 —
315 2453 360 2488 14
384 2453 508 2498 opifex
533 2453 577 2489 V.
602 2471 649 2477 —-
676 2452 718 2487 17
745 2452 768 2488 i.
785 2462 951 2487 summus
976 2450 1010 2485 b.
1040 2449 1176 2494 OPpV.
1200 2469 1245 2474 —
1275 2448 1320 2482 18
1343 2446 1526 2491 impertire

117 2507 212 2552 OPp.
230 2525 274 2531 -
294 2507 340 2541 22
353 2517 447 2542 seru.
463 2506 625 2543 animam
641 2507 707 2551 ἢ).
720 2524 764 2530 —-
783 2505 891 2547 23124
906 2503 1056 2539 Fecit...
1072 2501 1261 2537 mulierem
1284 2500 1375 2544 fehlt
1394 2499 1479 2543 01²1>
1487 2498 1525 2533 V.

115 2560 163 2595 25
178 2563 300 2596 mutos
315 2560 462 2596 claudos
478 2559 672 2604 oculosque
688 2559 722 2594 d.
741 2559 928 2594 tendentes
947 2556 1079 2601 OPpV.
1097 2577 1140 2581 —
1158 2555 1205 2590 26
1222 2554 1403 2597 elegantes
1423 2552 1462 2587 Ο.
1482 2569 1521 2575 -

113 2614 159 2649 ⁶27
185 2617 348 2659 spectant
375 2615 466 2660 OpV
498 2633 545 2640 —-
578 2617 713 2648 terram
740 2612 873 2657 OPpV.
905 2628 950 2634 —
983 2610 1029 2645 29
1052 2608 1201 2644 tendere
1231 2607 1273 2640 V.
1306 2625 1353 2631 —
1385 2605 1432 2640 32
1456 2613 1526 2648 que

113 2679 143 2702 s·
167 2667 245 2702 celo
268 2669 354 2703 sunt
373 2666 509 2703 creauit
531 2665 786 2710 constituitque
813 2665 921 2700 OPV.
952 2682 987 2688 —
1017 2662 1064 2697 33
1088 2671 1171 2697 cum
1194 2670 1254 2695 ux.
1271 2659 1360 2702 fehlt
1385 2658 1454 2702 Pp.
