1800 2930
790 177 1063 217 ..85-

228 292 375 338 diebus,
405 292 455 331 ita
483 296 640 343 repente
666 290 864 331 domestici
891 290 978 331 sacti
1005 297 1109 339 sunt,
1142 297 1184 331 ut
1210 291 1362 331 cottidie
1398 291 1546 343 prandii
1572 293 1633 332 uel

226 363 320 390 eene
348 350 445 390 hora
471 362 583 390 secus
619 349 742 401 ripam
779 350 957 390 uenirent
992 350 1148 390 solitum
1185 350 1330 390 uictum
1366 364 1456 391 cum
1492 365 1634 404 magna

225 409 406 449 auiditate
438 409 702 461 prestolantes,
757 409 926 460 Eratque
953 409 1084 450 uidere
1102 410 1310 450 iocundum
1338 416 1375 451 et
1402 411 1632 460 delectabile,

225 470 318 508 dum
345 481 516 508 semesas
557 468 668 520 panis
699 473 766 508 aut
802 468 965 520 piscium
1002 469 1206 520 particulas
1243 483 1310 521 per
1346 470 1470 522 stagni
1507 472 1632 512 undas

226 528 514 568 insectarentur.
569 527 620 567 At
647 527 822 579 puellula,
860 527 1061 579 cignorum
1094 529 1268 568 uidelicet
1304 542 1426 577 soror,
1461 530 1634 571 humana

227 588 302 626 iam
332 587 455 626 forma
482 591 679 638 resumpta
697 592 867 626 castrum
894 587 1119 627 ascenderat
1136 587 1461 639 cottidianumque
1487 591 1632 630 uictum

225 651 265 685 ut
297 646 475 697 orphana
510 645 765 693 mendicabat,
806 651 843 685 et
884 646 1063 697 quicquid
1100 646 1403 698 fragmentorum
1439 649 1487 688 de
1515 650 1633 701 patris

224 705 431 756 accepisset
458 717 594 745 mensa
633 705 854 745 reseruabat
892 711 1116 757 partemque
1153 706 1242 745 inde
1274 707 1445 759 nimphe,
1482 721 1557 759 que
1591 715 1634 749 ut

226 764 369 804 dictum
396 769 454 804 est
481 763 633 804 defossa
659 764 871 804 mammilla
898 770 1012 805 tenus
1040 766 1078 805 in
1108 766 1237 817 palatii
1264 767 1391 806 medio
1418 767 1632 816 tenebatur,

222 823 403 863 offerebat
420 823 612 875 flebatque
629 836 745 875 super
772 837 859 864 eam
879 825 1042 864 naturali
1062 825 1260 876 compulsa
1278 826 1427 875 affectu,
1457 827 1632 867 nesciens
1656 829 1704 867 10

202 884 351 922 'tamen
380 883 483 922 hanc
519 896 630 923 suam
663 896 749 923 esse
782 888 959 932 matrem,
996 885 1194 924 residuum
1231 898 1325 925 uero
1366 885 1546 926 fratribus
1583 888 1631 926 ad

220 941 345 993 stagni
372 941 462 982 litus
490 942 677 993 portabat.
718 943 805 992 Qua
831 943 916 983 uisa
942 944 1042 995 cigni
1069 943 1154 983 ilico
1172 945 1406 984 aduolabant
1433 945 1631 996 sororique

220 1001 356 1052 plausu
383 1001 533 1041 alarum
560 1015 779 1053 uocumque
797 1003 1058 1043 modulatione
1076 1005 1336 1055 adgaudentes
1364 1005 1508 1044 delatos
1526 1005 1632 1044 cibos

219 1060 259 1100 in
288 1061 430 1100 sororis
457 1060 604 1112 gremio
631 1062 838 1102 sumebant
864 1062 1121 1114 osculatisque
1160 1064 1301 1103 dehinc
1333 1064 1633 1115 amplexatisque

224 1119 286 1159 illa
313 1120 472 1171 singulis
491 1121 540 1160 ad
558 1126 728 1161 mstrum
747 1122 955 1170 remeabat,
984 1123 1162 1162 noctibus
1181 1123 1286 1163 iuxta
1303 1129 1479 1172 matrem,
1499 1137 1632 1174 quam·
1654 1126 1700 1164 15

219 1191 336 1229 quam
365 1179 488 1231 ipsam
517 1185 559 1219 ut
585 1179 664 1220 dixi
683 1193 763 1220 non
790 1187 1049 1232 cognosceret,
1069 1182 1277 1222 dormiens.
1333 1183 1524 1223 Videbant
1542 1196 1629 1223 eam

218 1251 355 1278 omnes
382 1238 534 1279 cottidie
561 1241 610 1280 ad
637 1245 819 1291 stagnum
856 1241 1088 1281 descendere
1121 1254 1166 1282 ac
1193 1242 1314 1293 cignis
1351 1242 1520 1282 diuidere
1555 1256 1631 1294 que

218 1298 475 1339 mendicando
494 1299 694 1350 quesisset,
722 1299 905 1340 uidebant
923 1314 1010 1341 eam
1038 1314 1154 1354 super
1172 1302 1323 1342 defossa
1351 1303 1521 1355 nympha
1539 1304 1630 1344 flere

219 1364 256 1397 et
283 1357 536 1407 mirabantur,
563 1359 734 1399 dicentes
760 1373 847 1400 eam
865 1361 1032 1400 eundem
1059 1361 1138 1401 fere
1164 1362 1316 1401 uultum
1344 1362 1487 1402 habere
1515 1376 1630 1414 quem

217 1423 254 1456 et
296 1417 457 1469 nimpha
495 1418 683 1459 habuerat
723 1419 817 1459 dum
853 1421 1046 1471 prosperis
1083 1421 1284 1462 frueretur.
1340 1421 1416 1461 Sed
1453 1427 1489 1461 et
1516 1423 1630 1463 castri
1648 1422 1701 1461 20

216 1476 398 1517 dominus
425 1491 514 1517 cum
533 1479 697 1518 eandem
725 1479 882 1527 uideret,
911 1480 1074 1520 naturali
1102 1493 1235 1520 amore
1261 1481 1467 1532 cogebatur
1485 1481 1524 1520 in
1543 1495 1630 1522 eam

217 1536 346 1587 sepius
374 1537 505 1577 oculos
533 1538 660 1587 figere,
689 1539 811 1579 donec
837 1539 922 1591 ipsa
947 1541 996 1580 ad
1024 1553 1066 1579 se
1085 1545 1222 1580 uocata
1248 1540 1542 1592 diligentiusque
1568 1541 1627 1581 in-

217 1596 312 1635 tuita
351 1597 516 1648 quedam
558 1597 598 1637 in
636 1610 683 1638 ω,
721 1599 872 1650 generis
912 1599 972 1638 sui
1009 1605 1159 1639 notaret
1198 1599 1309 1652 signa
1348 1601 1628 1652 cathenamque

216 1667 373 1695 auream
400 1655 501 1696 circa
527 1656 610 1696 eius
636 1658 777 1697 collum
804 1658 1119 1710 deprehenderet.
1158 1659 1271 1699 Tunc
1297 1659 1383 1699 ilico
1410 1673 1480 1700 sue
1507 1673 1628 1700 recor·

216 1715 313 1754 dans
341 1716 502 1766 nymhe:
531 1716 611 1765 Dic,
639 1716 703 1765 ait,
732 1717 862 1766 michi,
891 1731 915 1757 o
938 1718 1117 1770 puellula,
1146 1732 1221 1770 que
1247 1719 1300 1759 sis
1327 1725 1394 1759 aut
1420 1720 1535 1768 unde,
1564 1720 1627 1770 qui
1646 1718 1697 1757 25

217 1779 396 1824 parentes
423 1774 477 1814 tui
504 1780 542 1815 et
569 1777 763 1827 quomodo
789 1777 922 1828 cignos
949 1778 999 1818 ad
1026 1783 1064 1818 te
1090 1779 1138 1818 de
1165 1784 1303 1830 stagno
1339 1779 1471 1819 uenire
1497 1779 1626 1819 facias,

215 1833 267 1873 At
293 1833 356 1874 illa
381 1834 581 1886 suspirans
608 1836 921 1888 perfundensque
955 1837 1122 1877 lacrimis
1164 1851 1249 1878 ora:
1291 1838 1443 1886 Utrum,
1477 1838 1541 1887 ait,
1569 1838 1622 1878 mi

215 1893 383 1941 domine,
411 1899 560 1946 patrem
588 1901 654 1935 aut
680 1901 845 1936 matrem
871 1896 1073 1936 habuerim
1111 1910 1208 1948 quos
1236 1898 1319 1949 ipsa
1355 1911 1435 1937 non
1463 1898 1627 1938 uiderim

215 1965 286 1991 nec
313 1952 434 1997 alium>
458 1953 600 1994 uidisse
635 1968 703 1995 eos
730 1955 791 1995 uel
827 1956 1056 2007 cognouisse
1092 1957 1318 2008 acceperim,
1358 1957 1535 2008 ignorare
1563 1969 1627 1996 me

214 2011 391 2060 dicerem,
420 2012 452 2052 si
469 2012 637 2064 aliquem
655 2015 803 2065 absque
819 2015 896 2054 biis
914 2015 1019 2055 nasci
1039 2016 1101 2055 uel
1128 2029 1214 2056 esse
1239 2015 1464 2056 hominibus
1484 2021 1623 2056 natura
1644 2013 1698 2052 30

214 2076 416 2121 pateretur.
472 2072 617 2112 Verum
644 2074 745 2125 cigni
773 2075 821 2114 de
854 2074 993 2125 quibus
1027 2087 1091 2114 me
1127 2075 1339 2127 interrogas
1375 2076 1510 2115 fratres
1546 2074 1622 2115 mei

1678 535 1703 572 0⁹!

333 2192 348 2226 1
376 2202 451 2238 rep.
468 2191 596 2228 domiti
628 2195 714 2228 sunt
746 2192 829 2239 OV,
865 2203 938 2238 rep.
965 2193 1091 2228 domiti
1115 2203 1179 2228 seu
1209 2193 1307 2229 dom.
1324 2193 1348 2229 f.
1364 2196 1449 2229 sunt
1472 2194 1512 2236 P,
1549 2204 1624 2239 rep.

211 2244 309 2280 dom.
334 2245 504 2287 (dm-aber
526 2245 666 2289 domiti)
691 2246 715 2281 f.
733 2258 761 2282 a.
779 2257 814 2292 p.
839 2267 885 2273 —
909 2247 931 2282 2
956 2257 1060 2282 secus
1075 2257 1203 2292 rupem
1219 2247 1265 2283 L.
1291 2267 1337 2274 —
1361 2248 1385 2282 4
1409 2247 1495 2283 dum
1519 2258 1623 2292 squa-

215 2308 336 2332 mosas
360 2308 498 2343 pennas
525 2299 565 2340 0,
599 2299 686 2335 dum
710 2302 867 2335 semotas
891 2310 1029 2346 pennas
1052 2301 1118 2345 sp,
1143 2300 1232 2336 dum
1255 2300 1415 2336 abiectos
1439 2311 1551 2345 panes
1583 2300 1622 2337 V.

211 2370 256 2377 —-
281 2352 304 2385 6
329 2351 492 2387 ascendit
516 2352 582 2397 Pp.
607 2371 654 2377 —
680 2353 700 2387 7
725 2353 994 2389 mendicauerat
1017 2354 1058 2389 V.
1085 2372 1128 2379 —
1153 2353 1177 2389 8
1192 2358 1379 2399 acceperat
1403 2355 1443 2389 V.
1461 2374 1506 2380 ——
1532 2354 1553 2388 9
1571 2353 1623 2388 in-

211 2403 308 2439 fossa
335 2404 469 2449 OPpV.
487 2425 534 2432 —
557 2405 607 2441 in.
624 2416 673 2441 m.
691 2406 799 2441 castri
814 2407 855 2441 P.
881 2407 1190 2452 —10compaasa
1217 2406 1354 2452 OPpV.
1375 2426 1416 2433 —
1438 2407 1482 2442 16
1495 2416 1622 2451 agnos·

211 2460 307 2492 ceret
338 2457 379 2492 V.
398 2476 433 2483 -
467 2458 511 2494 18
526 2458 737 2504 acquisisset
755 2460 882 2505 UPpV
902 2480 947 2486 —
972 2471 1001 2496 s.
1017 2460 1198 2496 defossam
1214 2460 1411 2505 nympham
1434 2460 1566 2505 OPpV.
1579 2478 1622 2484 —

210 2510 258 2544 20
279 2509 440 2546 babebat
467 2511 595 2556 ospV
616 2531 662 2539 —
687 2523 739 2557 pr.
756 2513 781 2548 s.
798 2513 1023 2549 successibus
1044 2513 1121 2559 pV.
1147 2532 1190 2539 —
1216 2513 1264 2548 24
1286 2513 1490 2548 recordatus
1517 2513 1619 2558 OpV.

210 2581 256 2588 —
281 2564 328 2599 25
351 2564 447 2600 unde
472 2565 613 2601 veneris
636 2566 702 2611 Pp.
728 2585 774 2592 —
798 2566 845 2601 26
861 2566 907 2601 de
927 2570 970 2601 st.
987 2567 1079 2611 fehlt
1104 2566 1241 2611 OPpV.
1260 2584 1303 2591 -
1321 2567 1369 2602 30
1392 2577 1424 2602 a.
1441 2566 1510 2601 hiis
1526 2565 1620 2601 nosti

209 2616 352 2652 videtur
374 2628 406 2653 e.
431 2617 469 2653 in
493 2618 664 2654 omnibus
686 2618 895 2655 hominibus
918 2622 991 2655 nat.
1009 2620 1074 2664 Pp,
1100 2619 1199 2655 nasci
1224 2619 1281 2655 vel
1305 2630 1384 2655 esse
1406 2629 1527 2655 rerum
1545 2621 1620 2653 nat.

209 2668 246 2704 in
271 2670 480 2707 bominibus
503 2674 576 2716 pat.
604 2671 645 2708 Ο.
