1800 2930
843 175 1116 214 -64-

274 290 451 340 placeret,
487 294 579 329 tunc
616 289 880 330 sollemniores
917 303 1048 329 coram
1075 289 1209 330 amicis
1252 290 1405 342 nuptias
1438 290 1689 331 celebrarent.

274 349 358 389 Hac
391 349 504 399 igitur
533 349 752 389 conditione
781 350 912 389 audita
939 349 1149 390 ueniebant
1176 350 1288 389 multi
1323 350 1497 398 iuuenes,
1534 362 1691 401 prouec-

274 409 380 449 tioris
401 422 553 460 quoque
573 408 684 449 etatis
711 409 797 458 uiri,
826 422 1033 449 numerum
1062 415 1099 449 et
1127 411 1280 461 pondus
1307 422 1525 450 marcarum
1555 408 1691 460 uiginti

273 468 488 517 offerentes,
526 469 595 508 sed
622 469 734 508 uacui
761 474 840 508 tam
869 469 917 508 ab
946 469 1027 508 eius
1056 469 1299 520 amplexibus
1329 482 1447 520 quam
1475 482 1498 508 a
1526 469 1690 520 pecunia

227 528 255 566 5
273 528 516 568 recedebant.
572 528 840 568 Incantauerat
868 528 1011 568 etenim
1039 529 1101 568 illa
1131 529 1277 580 magica
1305 541 1375 568 sua
1393 533 1474 568 arte
1503 533 1692 568 nocturne

273 587 400 639 strigis
429 600 610 639 pennam.
653 587 780 636 Quam
808 601 898 628 cum
926 588 1038 640 capiti
1065 601 1197 627 secum
1226 588 1385 627 iacentis
1414 588 1690 639 supposuisset,

273 647 403 687 statim
431 647 493 687 ille
528 660 667 687 somno
696 653 877 699 grauatus
914 661 1038 698 usque
1075 648 1124 687 ad
1165 647 1240 687 diei
1278 648 1474 698 sequentis
1512 660 1693 687 auroram

274 707 336 747 uel
364 720 566 758 quousque
585 707 648 747 illa
666 720 836 759 pennam
858 707 1004 746 tolleret
1023 707 1232 746 immobilis
1251 707 1514 758 permanebat.
1554 707 1693 757 Sicque

275 766 340 806 illa
357 767 499 806 multos
519 767 689 818 spolians
709 767 881 818 pecuniis
900 766 1094 806 infinitum
1108 767 1180 806 sibi
1200 765 1447 818 congregauit
1467 767 1693 806 thesaurum

208 833 260 872 10
279 832 316 867 et
345 826 507 866 aliorum
535 825 714 878 dampnis
742 827 892 866 lucrum
921 839 1036 866 suum
1063 827 1338 878 augmentauit.

275 885 403 974 Inter
430 899 496 926 eos
525 891 654 926 autem
684 886 748 937 qui
776 887 823 926 ad
859 887 935 926 hoc
963 887 1088 938 puteal
1118 899 1208 926 suas
1247 885 1429 937 pecunias
1467 886 1693 933 offerebant,

343 945 496 986 iuuenis
524 945 662 985 nobilis
692 946 847 997 quidam
875 946 981 994 satis,
1016 946 1083 985 sed
1112 946 1242 985 minus
1270 945 1513 985 facultatibus
1542 946 1693 997 pollens

276 1011 432 1046 centum
460 1019 610 1045 marcas
638 1018 754 1057 super
782 1005 1026 1056 possessione
1056 1018 1126 1044 sua
1145 1009 1338 1044 mutuatas
1366 1005 1507 1056 uirgini
1536 1005 1609 1044 sub
1629 1004 1695 1044 illa

275 1062 494 1106 conditione
531 1065 678 1105 obtulit.
735 1065 886 1114 Quibus
921 1064 984 1104 illa
1022 1065 1209 1117 susceptis
1238 1065 1298 1104 die
1335 1065 1399 1104 illa
1436 1078 1525 1104 cum
1554 1065 1695 1104 iuuene

207 1130 255 1169 15
274 1127 440 1166 multum
477 1125 552 1165 cibi
580 1130 614 1165 et
641 1124 722 1165 uini
763 1125 836 1165 sibi
864 1125 1035 1176 indulget
1071 1138 1236 1176 seroque
1272 1125 1313 1164 in
1349 1125 1493 1164 lectum
1529 1125 1696 1164 molliter

275 1191 436 1226 stratum
466 1185 561 1225 nudi
588 1186 704 1225 ambo
732 1185 874 1237 pariter
893 1198 935 1225 se
963 1185 1163 1234 collocant,
1192 1198 1321 1237 penna
1339 1184 1403 1224 illa
1432 1184 1559 1236 strigis
1587 1183 1695 1236 prius

274 1245 426 1286 iuuenis
454 1245 654 1297 supposita
681 1244 869 1285 ceruicali.
925 1245 1099 1284 Necdum
1128 1250 1258 1285 autem
1294 1244 1356 1284 ille
1391 1245 1567 1284 membra
1595 1245 1693 1284 lecto

275 1310 313 1346 et
341 1305 517 1345 ceruicali
555 1309 668 1356 caput
705 1309 916 1356 aptauerat‚
954 1317 1044 1344 cum
1081 1305 1164 1356 ipse
1197 1304 1446 1344 obdormiens
1483 1317 1607 1355 usque
1646 1305 1695 1343 ad

275 1365 413 1404 horam
442 1364 516 1404 diei
543 1365 708 1416 primam
727 1363 888 1415 uirginis
917 1377 1049 1403 secum
1069 1363 1295 1403 dormientis
1314 1364 1456 1403 oblitus
1474 1369 1544 1404 est.
1585 1363 1697 1403 Tunc

205 1428 260 1466 20
278 1425 384 1465 enim
411 1424 474 1464 illa
493 1437 656 1475 surgens
681 1437 851 1475 pennam
871 1423 1029 1463 abstulit
1046 1423 1232 1474 illumque
1251 1423 1473 1475 euigilatum
1492 1423 1697 1462 confusum

276 1484 392 1524 mittit
420 1485 468 1523 ad
496 1483 662 1535 propria.
720 1483 864 1523 Verum
902 1483 1053 1523 iuuenis
1092 1496 1134 1523 se
1172 1496 1257 1523 esse
1294 1483 1473 1522 delusum
1510 1482 1645 1522 dolens
1674 1496 1698 1522 a

277 1544 445 1595 quodam
465 1556 578 1583 seruo
599 1543 728 1591 diuite,
758 1542 818 1582 cui
848 1544 1044 1593 quondam
1064 1543 1145 1594 ipse
1173 1543 1294 1583 iratus
1314 1544 1451 1594 pedem
1471 1542 1697 1589 absciderat,

277 1609 434 1644 centum
462 1603 611 1654 argenti
638 1616 790 1643 marcas
825 1602 898 1642 sibi
926 1603 1094 1642 mutuari
1123 1607 1242 1654 rogat,
1278 1603 1416 1642 uolens
1453 1615 1519 1641 eas
1555 1601 1696 1641 iterum

278 1667 344 1703 aut
380 1663 540 1714 perdere
577 1668 643 1702 aut
680 1661 918 1713 uirginitatis,
948 1663 1107 1702 nomine
1149 1661 1340 1713 uirginem
1381 1662 1556 1713 spoliare.
1627 1660 1698 1701 Cui

204 1725 258 1764 25
278 1735 414 1763 seruus
443 1727 597 1774 accepte
625 1724 823 1773 quondam
856 1721 996 1762 iniurie
1032 1735 1113 1761 non
1142 1721 1346 1761 immemor
1383 1721 1586 1772 pecuniam
1625 1721 1697 1760 sub

276 1783 352 1822 hoc
379 1787 491 1834 pacto
519 1782 722 1830 concessit,
756 1788 799 1822 ut
827 1782 859 1822 si
887 1782 988 1822 infra
1023 1795 1172 1821 annum
1200 1781 1322 1833 ipsam
1351 1794 1431 1820 non
1469 1780 1699 1828 restitueret,

277 1842 360 1894 ipse
387 1843 435 1882 de
460 1855 576 1882 carne
604 1847 641 1882 et
669 1842 824 1882 ossibus
852 1841 1005 1882 iuuenis
1033 1842 1082 1881 ad
1111 1846 1268 1881 centum
1296 1853 1517 1880 marcarum
1545 1840 1699 1892 pondus

278 1902 455 1942 auferret.
511 1902 625 1951 Quod
652 1901 805 1942 iuuenis
833 1915 973 1954 parum
1007 1914 1149 1941 curans
1174 1901 1364 1941 concessit
1400 1900 1635 1951 insuperque
1664 1900 1698 1939 ei

279 1961 567 2013 cyrographum
596 1974 666 2001 suo
700 1961 897 2001 munitum
935 1961 1056 2012 sigillo
1085 1960 1250 2000 tradidit.
1305 1959 1474 2011 Accepta
1510 1973 1601 2010 ergo
1638 1958 1699 1999 ille

208 2023 268 2062 30
287 2021 451 2073 pecunia
478 2021 576 2061 redit
595 2023 643 2061 ad
672 2022 875 2073 uirginem,
905 2021 1014 2060 offert
1033 2026 1254 2072 argentum:
1284 2019 1419 2072 accipit
1438 2019 1501 2059 illa
1519 2021 1699 2069 diemque

281 2081 404 2121 letum
432 2082 481 2121 ad
500 2095 707 2133 uesperum
727 2094 850 2132 usque
870 2082 1096 2132 perducunt.
1132 2080 1227 2120 Sero
1247 2085 1376 2120 autem
1405 2092 1493 2119 cum
1523 2084 1699 2130 paratum

280 2146 382 2181 esset
424 2141 644 2181 cubiculum
684 2154 890 2192 pennaque
931 2154 979 2180 ex
1020 2153 1129 2180 more
1174 2139 1332 2192 puluillo
1378 2139 1589 2190 subposita,
1636 2138 1701 2178 illa

280 2201 463 2241 iuuenem
482 2201 737 2241 subsecutura
756 2199 953 2253 premittit.
1011 2199 1087 2249 Qui
1107 2199 1259 2239 iuuenis
1279 2201 1327 2239 ad
1354 2199 1496 2239 lectum
1524 2198 1700 2251 preterite

281 2261 405 2301 noctis
424 2260 587 2301 ueniens
602 2259 843 2300 delusionem
871 2259 944 2300 sibi
963 2273 1010 2299 ex
1036 2259 1125 2299 lecti
1153 2259 1316 2299 mollicie
1334 2258 1540 2311 contigisse
1558 2263 1699 2310 putans

400 2421 423 2455 4
448 2420 648 2456 offerebant
672 2422 738 2466 Pp.
765 2441 810 2447 -—
835 2421 858 2456 5
884 2431 916 2456 a.
934 2431 1001 2456 sua
1025 2431 1150 2466 mayca
1174 2421 1239 2465 Pp.
1265 2441 1311 2447 —
1338 2420 1358 2455 7
1384 2420 1443 2455 ille
1468 2418 1699 2455 obdormiens

284 2474 424 2519 OPpV.
445 2493 493 2499 —
517 2475 540 2510 8
564 2474 709 2510 illarum
726 2475 791 2518 Pp,
818 2473 919 2510 illam
935 2473 965 2510 Ο
992 2495 1037 2501 —-
1063 2485 1097 2519 p.
1109 2474 1153 2510 de
1179 2473 1295 2519 capite
1318 2484 1442 2509 secum
1465 2472 1615 2508 iacentis
1625 2472 1699 2507 toll.

287 2529 326 2563 Ο.
354 2546 395 2554 -
426 2528 471 2563 10
495 2527 582 2563 lucr.
609 2526 795 2573 proprium
828 2528 870 2562 V.
896 2546 940 2554 —·
978 2529 1017 2563 11
1046 2531 1195 2573 puteum
1228 2528 1269 2563 V.
1296 2546 1340 2552 —
1376 2527 1418 2562 15
1441 2525 1631 2570 indulgens
1656 2526 1701 2560 L.

283 2601 328 2608 —
356 2582 400 2617 16
425 2592 500 2627 par.
526 2581 749 2617 collocantur
777 2581 908 2627 OPpV.
935 2601 980 2606 —
1016 2582 1056 2616 17
1083 2585 1206 2617 autem
1223 2592 1297 2617 nur
1314 2581 1347 2616 L
1371 2599 1416 2605 —
1442 2579 1499 2615 illa
1524 2579 1627 2624 PpV.
1653 2600 1699 2605 —

285 2635 329 2671 18
345 2638 381 2671 et
396 2646 460 2671 vor
484 2646 580 2671 ceru.
602 2637 640 2671 Ο.
661 2655 703 2661 -
723 2636 770 2670 20
786 2635 884 2671 enim
899 2636 991 2680 fehlt
1014 2636 1055 2671 V.
1077 2655 1117 2660 —
1145 2636 1188 2671 21
1213 2634 1391 2671 collusum
1406 2634 1472 2679 ἢ).
1501 2652 1540 2659 -
1568 2634 1614 2668 29
1639 2633 1700 2668 illa

282 2699 360 2734 pec.
377 2690 504 2735 OPpV
525 2710 570 2717 —
596 2689 643 2725 30
659 2689 760 2725 illam
781 2689 857 2726 OV.
885 2708 930 2714 —
956 2689 1002 2725 33
1027 2700 1066 2725 se
1082 2688 1104 2725 i.
1123 2689 1399 2725 subsecuturam
1424 2687 1601 2734 promittit
1621 2687 1699 2732 pV.
