1800 2930
786 132 1058 171 ,46-

216 251 326 285 uecta
354 245 394 285 in
424 259 490 285 ore
508 245 640 297 populi
669 246 878 287 colebatur,
917 246 1063 286 Verum
1091 247 1276 298 quoniam
1305 246 1338 286 si
1365 260 1519 299 semper
1538 246 1633 287 acci-

215 304 298 355 pias
326 305 544 356 inferasque
572 305 702 355 nichil,
723 306 909 357 ‘puteal
927 305 1142 346 Libonis’
1171 306 1376 346 exhaurire
1404 306 1542 358 possis,
1570 305 1635 346 hic

216 377 369 415 semper
389 365 656 416 expendendo,
686 365 922 416 acquirendo
951 365 1080 414 nichil,
1110 365 1150 405 in
1170 365 1279 405 breui
1294 366 1412 405 rebus
1439 366 1638 416 fundoque

214 428 375 474 paterno
415 424 590 476 priuatus
628 424 822 476 nichilque
861 424 1026 476 amplius
1068 426 1171 475 quod
1200 426 1307 465 daret
1344 425 1407 465 uel
1447 424 1635 476 acciperet

169 483 194 521 5
213 482 377 531 habens,
406 488 561 523 coactus
581 489 639 524 est
657 485 815 524 tandem
841 484 976 524 dolens
996 489 1033 524 et
1061 485 1340 524 contabescens
1360 498 1471 524 suam
1501 497 1633 535 quam-

215 542 276 582 uis
304 555 391 582 sero
424 546 701 595 recognoscere
736 543 954 583 stulticiam.
1008 544 1071 584 Sic
1100 557 1204 595 ergo,
1233 558 1255 584 o
1284 558 1365 592 rex,
1394 545 1488 584 dum
1517 557 1635 595 supra

213 603 415 642 modulum
444 616 559 642 suum
587 603 777 654 gloriosus
805 608 841 642 et
870 608 1007 654 potens
1046 603 1165 642 uideri
1203 604 1318 655 cupit,
1353 609 1390 643 et
1433 603 1634 643 modulum

213 662 377 713 perdidit
396 667 433 701 et
451 662 612 714 gloriam
633 676 750 713 quam
769 676 889 714 supra
913 662 950 701 id
971 664 1073 713 quod
1092 662 1237 702 iustum
1257 668 1339 702 erat
1368 663 1632 711 affectauerat3

212 720 252 759 in
273 726 445 761 extrema
470 727 694 773 paupertate
718 721 899 773 deinceps
919 722 1151 761 constitutus
1165 727 1234 762 est.
1273 723 1340 762 ula
1359 727 1487 762 autem
1508 721 1636 761 omnis

145 780 195 819 10
213 781 456 820 adulatorum
486 783 599 820 turba
628 794 793 831 quorum
822 781 1000 820 laudibus
1029 787 1144 821 antea
1172 795 1295 832 usque
1324 784 1371 821 ad
1410 782 1479 821 celi
1508 781 1634 821 sidera

212 839 417 887 ferebatur,
450 846 626 880 cessante
640 853 804 880 munere
832 842 915 891 ipsa
943 854 1096 891 quoque
1115 855 1138 880 a
1163 842 1322 881 laudum
1350 841 1512 880 uocibus
1541 847 1633 880 tem·

212 899 372 950 perauit,
403 900 508 939 nullo
544 900 621 939 iam
650 913 739 939 cum
775 913 819 939 eo
856 901 1080 940 ambulante
1119 913 1192 940 nec
1221 900 1428 951 quicquam
1463 900 1497 940 ei
1524 913 1634 939 reue-

211 958 334 998 rentie
372 959 561 999 exibente.
623 959 749 998 Amici
787 972 941 1010 quoque
969 965 1006 999 et
1035 960 1239 1011 propinqui
1276 973 1443 1011 quorum
1484 960 1633 999 dudum

212 1018 394 1058 salutaria
422 1024 708 1070 contempserat
735 1019 894 1066 monita,
934 1032 1005 1059 nec
1043 1033 1133 1058 eum
1171 1019 1310 1059 saltem
1344 1020 1476 1059 uidere
1518 1019 1633 1071 patie-

145 1083 192 1122 15
213 1078 367 1117 bantur.
422 1078 507 1129 Ipse
535 1091 629 1118 uero
657 1078 696 1118 in
725 1078 894 1118 inferiori
937 1083 1018 1118 rote
1046 1079 1216 1118 Fortune
1244 1079 1388 1119 cantho
1427 1078 1563 1118 uidens
1591 1092 1634 1118 se

212 1137 381 1188 positum
409 1143 447 1177 et
466 1138 569 1188 quod
588 1151 669 1177 non
698 1138 826 1177 solum
846 1137 993 1186 alienis,
1022 1151 1161 1178 uerum
1180 1144 1218 1178 et
1245 1138 1378 1178 amicis
1409 1138 1517 1178 oneri
1536 1139 1633 1178 foret

212 1202 249 1236 et
265 1197 369 1245 risui,
391 1197 616 1237 deliberauit
643 1197 806 1248 patriam
826 1196 1042 1248 relinquere
1070 1197 1298 1248 ignotasque
1318 1198 1423 1237 adire
1443 1198 1632 1249 regiones,

210 1256 349 1296 melius
378 1257 603 1307 beatiusque
641 1261 747 1295 ratus
775 1256 874 1295 inter
910 1262 1114 1297 extraneos
1153 1270 1270 1307 quam
1308 1257 1481 1307 cognitos
1515 1257 1634 1296 miser

157 1314 163 1320 ’
211 1328 308 1363 esse,
339 1315 522 1366 quoniam
551 1320 592 1355 ut
621 1315 776 1366 quidam
818 1315 869 1355 ait
903 1316 1117 1356 ‘Miseros
1151 1316 1339 1356 faciunt
1372 1317 1484 1356 loca
1524 1317 1633 1356 sola

140 1379 193 1419 20
212 1375 409 1415 beatos’.
466 1376 630 1414 Paratus
650 1375 789 1426 itaque,
820 1389 843 1415 o
871 1389 951 1424 rex,
982 1376 1036 1415 ire
1056 1389 1301 1427 quocumque
1329 1375 1485 1415 fortuna
1511 1377 1631 1424 daret,

212 1435 285 1474 sub
313 1434 542 1486 intempeste
571 1435 696 1474 noctis
724 1435 887 1480 silentio,
917 1435 1073 1474 nemine
1092 1436 1236 1475 sciente
1264 1437 1425 1475 domum
1453 1448 1632 1487 egressus

211 1499 281 1543 est,
317 1493 432 1534 nichil
475 1499 603 1546 preter
637 1494 841 1546 coniugem
888 1495 1171 1546 paruulumque
1215 1495 1254 1534 in
1297 1495 1407 1535 cunis
1450 1495 1632 1547 positum,

211 1566 367 1604 equum,
398 1562 536 1594 canem
564 1553 860 1606 accipitremque
888 1567 1021 1594 secum
1051 1556 1218 1594 ducens:
1248 1555 1322 1594 hoc
1363 1555 1492 1595 solum
1520 1555 1553 1595 ei
1581 1556 1630 1595 de

211 1613 364 1665 proprio
393 1619 604 1665 supererat.
661 1614 977 1653 Pertranseundo
1005 1614 1118 1664 igitur
1146 1619 1280 1662 terras,
1315 1615 1432 1654 urbes
1461 1619 1498 1654 et
1526 1615 1632 1654 uicos

139 1677 191 1716 25
211 1674 260 1713 ad
289 1673 490 1713 cuiusdam
518 1674 648 1724 ignote
675 1673 842 1724 regionis
871 1673 942 1713 sibi
970 1673 1163 1714 ciuitatem
1184 1673 1352 1714 deuenit.
1409 1674 1522 1714 Hanc
1550 1675 1633 1714 sole.

209 1732 286 1772 iam
315 1733 363 1772 ad
392 1746 596 1784 uesperam
634 1733 850 1772 declinante
877 1732 1075 1784 ingressus
1114 1746 1205 1772 cum
1243 1733 1407 1785 nesciret
1444 1746 1632 1784 quorsum

210 1792 427 1840 diuerteret‚
464 1792 503 1832 in
543 1793 669 1844 platea
709 1794 877 1843 quadam
911 1792 1076 1832 ciuitatis
1116 1792 1296 1832 substitit.
1353 1792 1498 1832 Uidens
1537 1806 1629 1833 eum

211 1851 354 1892 ciuium
383 1852 572 1903 quispiam
600 1852 803 1903 sciensque
832 1853 935 1903 quod
963 1852 1188 1904 peregrinus
1217 1857 1330 1900 esset,
1359 1853 1518 1892 accessit
1545 1866 1632 1904 pro—

211 1911 309 1963 pius,
347 1911 513 1963 quesiuit
549 1911 634 1962 quis
672 1916 709 1951 et
746 1913 849 1951 unde
891 1917 992 1951 esset
1029 1916 1066 1951 et
1101 1913 1148 1951 ad
1187 1911 1278 1963 quid
1319 1912 1500 1952 uenisset.
1566 1912 1632 1952 Ille

139 1974 194 2013 30
211 1975 341 2011 autem
375 1976 413 2011 et
446 1971 708 2011 conditionem
746 1976 783 2011 et
823 1972 1019 2011 fortunam
1063 1976 1206 2016 narrat,
1249 1971 1489 2023 subiungens
1526 1972 1630 2022 quod

209 2030 373 2071 libenter
406 2030 445 2070 in
479 2031 576 2070 urbe
603 2035 790 2079 maneret,
839 2030 871 2070 si
918 2043 1084 2081 usquam
1132 2030 1380 2083 hospitiolum
1426 2030 1630 2071 inueniret.

330 2155 346 2190 1
374 2154 548 2200 quoniam
565 2154 655 2198 fehlt
671 2154 796 2200 OPpV
819 2175 864 2181 --
893 2155 948 2199 112
966 2166 1039 2190 acc.
1065 2165 1151 2199 ergo
1169 2155 1303 2190 inferas
1335 2154 1431 2199 quod
1456 2165 1491 2199 p.
1510 2154 1627 2190 libens

209 2210 275 2254 Pp,
316 2219 351 2244 n.
383 2209 518 2244 inferas
548 2212 697 2254 puteum
729 2209 845 2244 libens
882 2210 961 2245 exh.
995 2220 1119 2255 posses
1151 2211 1191 2244 V.
1218 2230 1264 2236 —
1298 2209 1320 2243 2
1345 2220 1379 2254 p.
1405 2208 1522 2244 libens
1547 2209 1627 2244 exh.

209 2266 331 2308 posset
358 2262 396 2298 O.
423 2283 468 2289 —-
494 2263 516 2298 3
542 2263 755 2307 exponendo
785 2263 911 2307 OPpV
936 2282 978 2287 —
1004 2262 1134 2307 inquir.
1172 2263 1278 2307 PpV,
1314 2262 1499 2307 querendo
1529 2262 1567 2297 0.
1583 2281 1626 2288 —

208 2315 233 2351 4
257 2316 358 2351 daret
397 2315 457 2351 uel
497 2316 587 2360 fehlt
630 2315 763 2360 OPpV.
790 2335 833 2341 -
861 2316 881 2351 7
914 2327 942 2352 s.
978 2327 1026 2352 m.
1064 2319 1100 2351 et
1139 2326 1248 2360 super
1287 2315 1324 2351 id
1349 2316 1445 2360 quod
1470 2316 1628 2359 (Lu’lcke)

212 2369 252 2414 0,
276 2380 385 2415 supra
410 2380 458 2405 m.
485 2371 557 2414 pot.
584 2372 619 2405 et
643 2369 732 2413 glor.
758 2369 830 2404 vid.
855 2369 1022 2414 cupiebat
1050 2372 1085 2405 et
1110 2368 1206 2404 mod.
1233 2380 1267 2415 p.
1300 2370 1341 2404 V.
1357 2388 1400 2393 —
1416 2370 1438 2403 9
1463 2372 1518 2404 est
1540 2369 1629 2413 fehlt

208 2423 340 2468 LoPp.
383 2444 429 2450 —
474 2423 513 2458 11
541 2432 641 2459 mun.
666 2422 787 2467 ipsum
823 2422 989 2458 absurdis
1026 2422 1176 2458 vocibus
1214 2423 1385 2458 salutauit
1418 2422 1517 2458 nullo
1554 2422 1629 2458 iam

211 2476 291 2514 ΟΥ.
329 2496 375 2503 -
415 2477 459 2512 15
483 2479 563 2512 rota
587 2476 668 2512 fort.
698 2477 783 2522 OPp
822 2496 861 2503 —·
902 2476 1034 2512 cantho
1064 2477 1162 2512 Coni.
1188 2477 1255 2511 ΕΙ).
1276 2477 1350 2512 GP.
1363 2477 1413 2512 K.
1433 2477 1496 2521 St„
1522 2477 1629 2512 catho

208 2531 267 2565 die
290 2531 377 2566 Has.
402 2551 448 2557 —
477 2530 521 2565 18
545 2533 718 2574 cognatos
743 2530 820 2566 PV.
855 2549 894 2556 —
939 2530 981 2565 19
1006 2530 1084 2565 sola
1108 2530 1188 2565 loca
1211 2531 1269 2565 die
1293 2531 1380 2565 Hss.
1406 2548 1452 2554 —
1484 2531 1531 2565 26
1555 2540 1628 2575 quo

208 2594 247 2619 se
271 2583 306 2620 d.
335 2583 468 2628 oPpV.
482 2583 587 2618 -27
603 2583 649 2629 pl.
676 2582 865 2619 cuiusdam
890 2594 919 2618 c.
942 2584 1075 2629 OPpV.
1091 2602 1132 2609 -—
1149 2584 1197 2619 28
1220 2583 1395 2619 accedens
1423 2584 1556 2629 OPpV.
1583 2602 1628 2608 —

208 2637 250 2673 31
279 2636 482 2683 hospicium
511 2637 644 2683 OPpV.
