1800 2930
740 184 1012 222 —31-

177 310 281 337 nunc
307 298 357 337 ad
393 310 588 338 summam
624 297 770 338 extollit
802 297 974 348 gloriam,
1012 310 1117 337 nunc
1149 297 1287 337 iterum
1323 297 1371 337 ad
1408 295 1583 336 ultimam

175 357 310 408 redigit
338 362 616 408 paupertatem.

316 416 407 456 ‘Sic
436 415 619 456 uarium
637 416 840 455 Fortune
866 416 1130 455 ludibrium
1149 415 1225 454 dat
1253 414 1490 454 tribunal'.
1520 414 1583 455 Sic

317 475 498 515 ‘Omnia
524 479 639 515 sunt
666 474 910 514 hominum
940 475 1074 514 tenui
1102 474 1372 525 pendencia
1400 474 1487 514 silo

316 534 372 574 Et
399 533 559 574 subito
586 546 694 573 casu
722 546 810 584 que
838 534 1043 573 ualuere
1071 532 1245 573 ruunt’.
1611 533 1639 571 5

175 594 261 645 lpsa
288 594 403 633 etiam
430 592 586 632 inimica
605 599 742 632 nature
768 593 1050 644 hominumque
1069 593 1289 632 deuoratrix
1317 592 1422 631 Mors
1450 597 1584 642 ‘equo

175 654 288 705 pede
316 653 517 704 pulsans
545 664 710 702 regum
739 657 907 692 turres
936 664 1306 704 pauperumque
1342 651 1583 690 tabernas

176 725 247 752 nec
274 712 353 763 regi
380 724 453 750 nec
481 710 641 763 pauperi
671 710 742 750 scit
770 725 940 762 parcere.
994 711 1081 751 Non
1112 710 1217 750 illam
1252 715 1365 749 terret
1402 722 1583 761 purpura,

176 784 255 811 nou
282 783 379 810 auro
405 775 644 821 argentoque
672 770 815 810 domus
844 776 956 818 tecta,
984 783 1063 810 non
1092 769 1195 810 illam
1223 770 1431 808 excludunt
1459 774 1585 808 turres

174 830 215 870 in
242 830 433 870 montium
462 828 673 881 superciliis
701 829 920 877 constitute,
960 829 1053 880 quin
1088 842 1134 869 eo
1170 829 1286 868 modo
1322 841 1453 879 regem
1486 827 1585 867 inter
1607 827 1657 866 10

175 902 364 942 purpuras
392 902 608 940 aurumque
634 889 841 928 cubantem
879 889 1140 928 indifferenter
1176 888 1350 939 perimat,
1389 900 1467 938 quo
1494 899 1584 938 pau·

173 949 371 1001 perculum
406 948 704 988 homuntionem
740 948 781 987 in
819 948 1010 999 tuguriolo
1046 952 1364 987 commorantem.
1420 946 1467 986 Et
1493 946 1584 994 heu,

173 1012 262 1049 cum
281 1008 423 1048 diutius
451 1021 494 1047 se
512 1007 598 1058 quis
626 1013 826 1059 potentum
845 1007 1038 1047 uicturum
1059 1012 1165 1058 putat
1183 1012 1435 1056 acturumque
1462 1006 1583 1057 plura,

173 1074 266 1108 tunc
293 1068 402 1107 illum
430 1068 534 1107 Mors
562 1072 722 1118 occupat
749 1067 956 1118 insperata.

206 1127 403 1167 ‘Inuida'
424 1133 483 1167 est
501 1126 607 1167 enim
620 1127 843 1166 ‘satorum
860 1125 1015 1166 series
1035 1124 1337 1175 summisque
1356 1128 1585 1175 negatum
1607 1122 1658 1161 15

206 1186 346 1227 Stare
373 1186 478 1226 diu’.

173 1246 300 1286 Hodie
326 1247 446 1286 homo
473 1245 513 1284 in
542 1244 651 1297 regni
679 1245 777 1284 solio
804 1244 951 1296 positus
979 1250 1022 1283 ut
1049 1245 1143 1283 deus
1171 1243 1220 1282 ab
1247 1242 1471 1282 hominibus
1497 1242 1586 1282 ado·

173 1311 295 1353 ratur,
337 1318 423 1345 cras
466 1305 499 1344 si
532 1309 713 1344 mortuus
751 1304 863 1344 fuerit
898 1304 949 1343 ab
986 1304 1131 1343 eisdem
1168 1317 1191 1342 a
1223 1302 1363 1353 quibus
1406 1303 1586 1341 adoratus

173 1366 307 1414 fuerat,
337 1370 380 1404 ut
406 1365 572 1404 cadauer
598 1364 758 1404 fetidum
786 1363 1070 1403 abhominatur.
1110 1362 1253 1402 Videns
1271 1361 1384 1412 igitur
1411 1362 1449 1400 in
1470 1362 1586 1400 rebus

173 1430 323 1465 tantam
352 1424 538 1464 fallaciam
566 1423 937 1473 mutabilitatemque
965 1423 1143 1474 quodque
1170 1422 1339 1461 incertus
1367 1420 1416 1460 sit
1438 1420 1586 1460 homini
1604 1419 1659 1458 20

174 1484 261 1524 finis
290 1497 399 1532 suus,
426 1483 519 1523 boni
539 1496 626 1523 esse
653 1483 800 1523 consilii
826 1483 954 1522 uisum
983 1487 1041 1521 est
1070 1481 1185 1521 michi
1213 1481 1258 1529 si,
1286 1481 1380 1520 dum
1407 1480 1586 1520 uitalibus

174 1545 281 1584 fruor
308 1543 422 1591 auris,
460 1543 553 1582 dum
580 1555 668 1582 mea
709 1542 901 1594 prosperis
942 1541 1068 1581 uentis
1114 1541 1225 1581 nauis
1267 1539 1478 1587 deducitur,
1519 1539 1587 1578 tibi

174 1616 370 1655 regnoque
398 1602 522 1642 Sicilie
563 1602 603 1641 in
645 1608 843 1654 posterum
884 1601 1139 1653 prouiderem⁷
1181 1606 1223 1639 ut
1264 1600 1586 1651 quandocumque

173 1668 261 1715 post
288 1663 363 1702 hoc
380 1675 444 1702 me
462 1662 539 1702 fata
557 1675 740 1713 suprema
767 1661 980 1701 exemerint
998 1661 1180 1700 humanis
1199 1660 1328 1707 rebuS,
1357 1664 1398 1698 tu
1427 1670 1586 1698 securus

175 1723 223 1762 de
250 1735 370 1772 regno
397 1722 450 1761 sis
478 1734 619 1772 resque
646 1721 798 1773 publica
825 1721 1037 1772 composita
1064 1725 1222 1760 maneat
1248 1724 1286 1758 et
1313 1724 1460 1770 pacata.
1501 1717 1587 1756 Hoc
1604 1715 1658 1754 25

174 1782 280 1821 enim
307 1781 458 1832 magnis
486 1781 639 1832 regibus
666 1793 820 1820 summe
857 1793 948 1819 cure
975 1779 1046 1819 fuit
1072 1784 1110 1818 et
1137 1779 1187 1819 ob
1215 1778 1290 1818 hoc
1326 1777 1453 1817 felices
1483 1790 1588 1816 com-

174 1841 491 1892 mendabilesque
526 1840 713 1887 feruntur,
748 1840 780 1879 si
814 1852 933 1890 regna
974 1852 1046 1879 sua
1078 1838 1291 1890 composita
1332 1836 1585 1887 reliquissent,

176 1900 262 1940 Feci
277 1913 367 1952 ergo
383 1906 420 1939 te
434 1913 524 1940 cum
540 1913 683 1951 magno
702 1899 827 1939 cordis
847 1899 1033 1939 desiderio
1048 1897 1235 1945 accersiri,
1263 1903 1305 1936 ut
1323 1902 1361 1936 te
1378 1901 1586 1946 antequam

174 1959 318 1999 moriar
335 1959 443 2011 regni
462 1959 695 1999 constituam
716 1971 992 1998 successorem.
1031 1957 1114 1997 Hec
1132 1963 1191 1996 est
1218 1956 1379 1996 intentio
1393 1968 1492 2000 mea,
1512 1955 1588 1994 hoc

173 2019 377 2059 consilium
403 2031 548 2067 meum,
575 2019 650 2059 hoc
678 2024 824 2067 uotum,
843 2019 919 2058 hoc
933 2017 1125 2057 uiscerum
1148 2029 1324 2056 meorum
1343 2014 1585 2055 desiderium.
1604 2012 1658 2051 30

177 2078 255 2130 Ego
273 2079 378 2119 enim
404 2079 566 2119 deorum
585 2078 771 2118 adiutorio
790 2077 926 2118 mundi
952 2076 1074 2128 gloria
1091 2076 1246 2116 feliciter
1263 2076 1465 2126 hucusque
1492 2087 1586 2114 usus

296 2257 312 2291 1
341 2256 445 2301 erigit
468 2255 515 2300 gl.
533 2255 719 2301 OPpV—
736 2255 775 2290 it.
800 2255 875 2290 red.
900 2254 937 2289 in
954 2253 1240 2299 paup.PpV.—
1267 2251 1383 2287 3fort.
1408 2250 1587 2286 lubricum

175 2309 238 2346 dat
269 2309 422 2345 dubium
453 2309 535 2344 trib.
560 2308 732 2344 iudicium
763 2310 822 2343 die
845 2309 931 2343 Hsa.
957 2307 1095 2350 (iudicis
1130 2307 1173 2349 V,
1203 2305 1336 2340 iudicio
1360 2307 1428 2350 Pp,
1463 2304 1588 2339 iudici-

175 2363 244 2399 bus
270 2363 324 2405 O).
349 2382 396 2388 —
419 2363 444 2398 4
466 2362 625 2398 hominis
649 2363 694 2399 L.
719 2382 765 2387 —
789 2363 813 2397 5
837 2362 929 2405 fehlt
952 2362 995 2397 L.
1026 2379 1066 2386 -
1093 2361 1112 2395 7
1139 2370 1338 2404 pauperum
1362 2360 1420 2393 die
1435 2358 1523 2394 Hes.
1541 2378 1586 2384 —

175 2417 200 2452 8
220 2427 289 2452 nec
318 2416 470 2462 principi
498 2415 589 2461 opp
599 2416 641 2451 V.
667 2435 711 2440 —
737 2416 760 2451 9
784 2418 877 2451 tecte
902 2414 981 2451 OV.
1007 2434 1050 2439 -
1079 2414 1122 2448 12
1147 2412 1331 2448 hominem
1368 2411 1457 2456 oPp
1479 2430 1524 2435 —-
1548 2410 1588 2445 in

176 2471 320 2515 tugurio
345 2469 438 2514 OPp
448 2471 490 2507 V.
516 2488 559 2494 —
589 2469 632 2504 13
661 2480 747 2504 cum
775 2467 916 2512 diuicijs
943 2467 1046 2512 opp.
1074 2485 1117 2492 -
1153 2467 1194 2501 17
1219 2465 1266 2501 ab
1290 2465 1460 2500 omnibus
1486 2463 1586 2508 OPp.

178 2543 222 2550 —
255 2524 302 2559 22
338 2523 426 2559 dum
462 2533 565 2559 meus
600 2525 714 2558 status
749 2522 985 2568 prosperitate
1020 2523 1150 2556 ventus
1178 2519 1258 2555 ded.
1286 2518 1329 2563 O,
1365 2518 1453 2552 dum
1489 2526 1588 2552 mors

176 2576 330 2622 proprijs
354 2576 521 2612 ventibus
544 2576 687 2611 ducitur
720 2577 763 2612 V.
778 2594 823 2600 —
837 2575 884 2610 24
896 2575 1062 2610 exuerint
1080 2573 1169 2618 01²1»
1178 2572 1218 2608 V.
1233 2592 1278 2598 —
1297 2572 1342 2606 27
1356 2571 1386 2606 si
1410 2570 1504 2605 bene
1522 2579 1588 2604 sua

177 2640 294 2675 comp.
330 2629 372 2672 0,
407 2629 438 2665 si
472 2632 600 2665 cuncta
633 2640 750 2674 comp.
784 2630 827 2665 V.
853 2649 898 2655 —
923 2628 971 2663 30
999 2628 1069 2663 hoc
1099 2636 1233 2662 nomen
1267 2636 1295 2670 p
1318 2644 1363 2651 -—
1389 2634 1418 2658 c.
1444 2634 1492 2658 m.
1517 2622 1587 2657 hoc

178 2693 286 2719 omen
298 2686 335 2719 et
345 2682 497 2719 felicitas
508 2683 594 2718 vise.
615 2683 654 2719 V.
