1800 2930
793 153 1067 191 -32—

225 282 314 308 sum
334 268 552 319 fortiterque
581 267 860 308 amministraui
879 267 986 319 regni
1014 267 1176 318 negotia.
1214 267 1261 306 Et
1289 279 1376 307 ecce
1404 266 1481 306 iam
1506 266 1637 305 labore

226 333 263 367 et
291 327 398 367 senio
419 328 561 367 fractus
581 340 680 375 sum,
711 327 866 378 spiritus
886 340 997 366 meus
1017 332 1236 366 attenuatus
1256 331 1326 374 est,
1355 326 1489 365 defecit
1516 325 1638 365 uirtus

226 400 325 436 mea,
366 387 547 427 fortitudo
586 387 755 434 recessit,
807 387 1038 426 subintrauit
1082 399 1221 438 corpus
1261 385 1455 433 debilitas,
1495 390 1639 425 tremor

226 447 389 486 menbra
416 445 618 497 occupauit
651 446 844 496 nichilque
871 446 988 486 michi
1023 446 1122 486 aliud
1151 458 1352 497 superesse
1379 444 1491 484 uideo
1520 457 1638 495 quam

179 506 206 544 5
227 506 486 557 sepulchrum.
543 505 734 548 Emeritus
759 505 885 556 itaque
913 506 979 545 tibi
1006 507 1112 554 cedo,
1142 506 1295 556 resigno
1313 506 1503 544 honorem
1531 504 1638 555 regni

225 570 263 605 et
288 565 448 604 honoris
477 566 639 616 pondus.
696 565 755 604 Tu
784 578 874 616 ergo
894 565 1211 624 philosophorum
1231 564 1356 604 studia
1382 563 1637 603 intermittens

225 626 274 665 ad
302 624 449 676 paterni
478 624 585 675 regni
614 624 765 675 negotia
799 622 974 664 animu'm'
1003 624 1180 672 transfer,
1219 625 1379 664 succede
1414 623 1511 675 patri
1539 622 1637 671 forti,

226 689 267 724 tu
300 684 432 723 fortior
471 683 688 734 feliciorque
735 684 844 731 felici,
883 689 990 735 gesta
1031 697 1119 723 mea
1156 684 1230 723 tuis
1271 683 1518 735 amplioribus
1555 683 1637 722 illu-

226 748 353 783 strans
382 742 501 782 factis.

156 802 206 841 10
222 801 343 890 Hec
377 807 414 841 et
446 801 519 841 hiis
553 801 689 841 similia
727 808 832 853 patre
871 807 1075 853 perorante
1109 801 1291 841 Lucinius
1327 801 1482 852 quidem
1524 814 1637 840 aures

326 862 509 913 prebebat
528 861 669 909 uerbis,
698 861 873 913 linguam
892 875 986 901 uero
1015 875 1126 901 suam
1154 861 1230 912 iugi
1250 861 1400 901 silentio
1427 861 1637 901 coartabat.

223 921 335 969 Quod
363 934 453 961 cum
481 925 653 960 cerneret
681 925 798 972 pater,
828 921 899 960 ait:
930 920 1031 969 Quid
1059 926 1127 968 est,
1158 920 1220 969 fili,
1251 921 1353 971 quod
1381 925 1511 960 taces?
1566 921 1636 960 Bo·

223 993 326 1020 nane
363 994 413 1020 an
441 980 544 1019 mala
578 980 644 1020 tibi
688 980 842 1020 uidetur
873 980 959 1020 talis
996 980 1168 1028 intentio,
1204 980 1327 1032 placet
1361 994 1411 1020 an
1439 980 1637 1032 displicet?

224 1040 362 1087 Tuam,
391 1039 454 1087 fili,
484 1039 619 1079 edicito
647 1039 909 1080 uoluntatem:
945 1040 1035 1090 quid
1072 1040 1139 1079 tibi
1172 1040 1350 1080 uidetur?
1405 1040 1473 1079 1110
1507 1045 1637 1079 autem

157 1097 205 1136 15
225 1104 385 1146 tacente,
422 1112 512 1138 cum
549 1099 627 1138 iam
660 1098 889 1139 irasceretur
924 1099 1263 1150 indignareturque
1299 1105 1418 1151 pater,
1456 1099 1637 1139 Lucinius

222 1159 461 1210 amplexatus
489 1171 580 1197 eum
608 1158 752 1197 iterum
780 1164 894 1209 atque
927 1159 1067 1198 iterum
1095 1159 1289 1199 osculatus
1317 1159 1456 1210 quibus
1490 1164 1638 1210 poterat

222 1218 340 1269 signis
381 1231 423 1257 se
460 1217 620 1257 omnino
661 1231 741 1257 non
783 1231 898 1269 posse
938 1219 1042 1269 loqui
1083 1219 1335 1258 monstrabat.
1408 1219 1523 1257 Pater
1563 1219 1638 1258 hoc

221 1277 410 1317 intellecto
439 1278 692 1317 conturbatus
715 1277 846 1317 animo
874 1291 919 1317 ac
947 1283 1107 1329 stupens
1126 1278 1197 1318 ait:
1228 1278 1327 1317 Cum
1355 1283 1502 1328 septem
1530 1290 1638 1317 esses

222 1349 429 1384 annorum,
459 1342 675 1376 maternam
713 1337 876 1388 perfecte
905 1338 1072 1377 sonabas
1107 1337 1292 1389 linguam,
1330 1342 1367 1377 et
1403 1338 1519 1377 modo
1546 1350 1637 1377 cum

149 1398 204 1438 ΞΟ
224 1396 441 1447 quindecim
460 1396 664 1448 peregeris,
695 1402 828 1436 mutus
848 1397 1003 1436 effectus
1032 1401 1101 1437 es?
1139 1398 1228 1437 Ideo
1254 1396 1474 1436 liberalibus
1502 1396 1637 1436 studiis

220 1456 475 1496 imbuendum
502 1461 540 1496 te
567 1455 714 1504 tradidi,
743 1461 786 1495 ut
803 1462 935 1496 mutus
964 1457 1105 1496 fieres?
1142 1457 1364 1496 Tantumne
1391 1456 1459 1495 tibi
1477 1456 1638 1508 prestitit

220 1515 284 1555 illa
325 1515 540 1566 eloquentie
580 1520 715 1564 mater,
761 1516 978 1556 rethorica?
1033 1516 1134 1565 Quid
1179 1522 1248 1564 est,
1293 1516 1384 1567 quid
1424 1515 1569 1563 accidit,
1604 1515 1637 1555 si

221 1587 312 1615 uere
327 1574 575 1615 obmutuisti?
595 1575 658 1616 An
679 1588 767 1615 mea
781 1577 903 1615 uerba
918 1576 1069 1628 spernis
1082 1589 1288 1627 meamque
1301 1576 1449 1616 derides
1464 1580 1637 1615 senectu-

221 1639 312 1683 tem,
350 1648 401 1674 an
437 1634 640 1685 indignum
668 1648 731 1675 me
760 1640 826 1675 tua
855 1636 1107 1687 responsione
1133 1636 1307 1676 iudicas?
1361 1635 1537 1686 Cumque
1563 1636 1637 1675 hec

147 1695 201 1735 25
221 1693 351 1734 dicens
380 1707 447 1745 pre
475 1694 607 1734 dolore
635 1694 756 1734 nimio
783 1696 857 1735 hac
883 1695 1045 1746 illacque
1078 1695 1251 1747 agittaret
1278 1700 1391 1747 caput
1418 1708 1637 1745 manusque

221 1753 492 1805 comploderet,
529 1754 712 1794 Lucinius
758 1755 895 1794 humili
936 1755 1175 1807 simplicique
1216 1756 1325 1795 uultu
1360 1755 1520 1807 pedibus
1555 1755 1636 1794 eius

221 1813 447 1864 prouolutus
477 1827 582 1853 nunc
615 1814 720 1866 ipsos
747 1815 878 1866 pedes,
915 1828 1021 1855 nunc
1054 1815 1157 1867 ipsas
1185 1828 1339 1863 manus,
1378 1828 1484 1854 nunc
1511 1814 1636 1866 ipsam

221 1874 485 1912 uenerandam
536 1873 668 1924 capitis
702 1874 887 1914 caniciem
930 1875 1183 1923 deosculatur,
1225 1888 1293 1926 per
1340 1875 1415 1914 hoc
1450 1879 1636 1914 attestans

221 1933 324 1982 quod
344 1945 424 1972 non
443 1937 688 1984 contemptus
707 1933 823 1985 patris
843 1939 944 1974 esset
970 1934 1009 1973 in
1029 1946 1158 1982 causa,
1187 1935 1254 1974 sed
1281 1933 1501 1974 necessitas.
1558 1933 1635 1973 Sed

146 1993 203 2032 30
221 1991 344 2043 magis
383 2005 431 2031 ex
472 1993 547 2032 hoc
598 1992 679 2032 eius
721 1993 986 2045 augmentauit
1019 1994 1210 2043 dolorem,
1253 1993 1305 2033 ita
1347 1998 1390 2033 ut
1431 1993 1547 2033 modo
1592 2007 1635 2034 se

220 2050 359 2102 ipsum,
406 2052 523 2091 modo
562 2051 774 2103 Virgilium,
827 2054 944 2092 modo
988 2054 1133 2104 legatos
1173 2052 1288 2092 huius
1328 2052 1418 2092 mali
1458 2058 1634 2092 auctores

219 2110 293 2150 hiis
321 2111 449 2150 uerbis
477 2112 747 2163 proclamaret:
778 2112 865 2152 Heu
889 2112 1019 2160 michi,
1048 2113 1152 2152 unde
1179 2112 1295 2151 michi
1322 2111 1524 2152 consilium
1553 2112 1633 2161 fuit,

221 2174 263 2209 ut
290 2170 411 2209 filium
439 2171 597 2210 unicum
632 2186 655 2212 a
689 2185 753 2211 me
791 2175 1058 2212 remouerem?
1112 2171 1238 2211 Huius
1271 2171 1413 2212 doloris
1449 2184 1519 2224 ego
1552 2172 1634 2223 ipse

221 2229 336 2269 michi
363 2235 496 2270 auctor
523 2230 657 2271 existo.
697 2231 730 2271 O
750 2231 890 2282 Virgili‚
920 2231 986 2271 ubi
1013 2236 1072 2271 est
1090 2231 1272 2279 amicicia,
1301 2244 1418 2282 quam
1446 2231 1631 2283 fingebas,

328 2336 382 2379 1!ss
397 2347 477 2371 sum
490 2348 626 2373 ...sum
640 2339 909 2383 Auyenspruny
936 2337 1025 2382 OPp
1036 2338 1077 2374 V.
1095 2356 1136 2364 -
1162 2338 1184 2373 2
1210 2337 1330 2373 deficit
1341 2337 1417 2374 OV.
1436 2356 1482 2364 —-
1495 2339 1518 2373 5
1531 2339 1632 2383 regni

220 2388 370 2433 negocia
393 2389 460 2424 tibi
485 2391 699 2426 commendo
724 2394 760 2427 et
784 2392 820 2427 h.
845 2403 879 2437 p.
900 2391 1036 2437 OPpV.
1052 2411 1094 2417 —
1109 2392 1131 2427 6
1145 2392 1264 2427 oneris
1288 2402 1322 2436 p.
1336 2393 1379 2427 L.
1400 2411 1440 2418 —
1461 2392 1521 2435 819
1533 2395 1633 2436 gesta

221 2467 231 2478 .
257 2467 266 2476 .
292 2467 301 2476 .
326 2442 430 2478 factis
451 2443 542 2488 fehlt
566 2443 709 2490 OPpV.
751 2464 794 2470 -
835 2445 880 2480 10
915 2447 951 2480 et
981 2444 1060 2489 alijs
1089 2444 1169 2480 sim.
1195 2446 1238 2481 L.
1276 2465 1322 2471 —
1361 2445 1405 2480 13
1435 2447 1498 2481 aut
1527 2445 1630 2491 displ.

221 2493 357 2540 OPpV.
384 2517 429 2523 —
458 2497 500 2532 15
525 2498 683 2534 luxinius
709 2499 750 2533 L.
777 2518 822 2524 —
849 2499 893 2534 16
918 2498 1106 2544 amplexus
1132 2497 1173 2542 Ο,
1199 2498 1424 2544 amplexibus
1449 2500 1558 2544 PpV.
1586 2520 1629 2526 —

223 2548 268 2583 18
291 2550 512 2594 stupefactus
548 2551 637 2597 opp
648 2553 689 2589 V.
728 2572 772 2577 —
810 2552 855 2588 22
880 2551 1090 2597 eloquencia
1115 2553 1180 2598 Pp,
1206 2551 1499 2597 eloquentissima
1524 2553 1566 2589 Ο.
1584 2573 1629 2579 -

221 2601 269 2636 24
292 2612 339 2637 an
364 2613 428 2637 vor
451 2603 522 2639 ind.
546 2605 637 2649 fehlt
662 2606 702 2640 L.
731 2626 775 2632 —
801 2605 845 2640 27
870 2605 986 2651 ipsam
1011 2606 1101 2650 fehlt
1124 2606 1222 2651 Lsp.
1241 2624 1285 2630 —
1312 2606 1357 2641 28
1374 2605 1569 2642 uerendam
1599 2609 1631 2642 L

222 2674 267 2681 —
293 2655 520 2693 deosculatus
546 2658 588 2693 L.
613 2677 659 2684 —
685 2659 731 2694 29
769 2659 832 2694 sed
857 2669 935 2696 nec.
969 2669 1069 2695 mera
1096 2659 1180 2696 OV.
1206 2679 1253 2685 —
1277 2660 1324 2695 32
1349 2659 1429 2695 Heu
1452 2660 1550 2695 unde
1587 2662 1629 2696 L.
