1806 3022
742 205 1014 244 ..10-

176 318 452 369 respondendi;
479 317 725 358 fabricatores
745 331 837 358 uero
857 318 1040 359 mendatii
1060 319 1229 370 predicta
1256 320 1456 371 replicant,
1485 319 1585 360 timi-

176 378 261 417 dius
290 383 432 423 tamen,
462 382 498 417 et
525 377 599 417 hiis
629 391 732 418 noua
750 379 914 429 quedam
943 378 1016 418 alia
1043 379 1318 430 superaddunt.
1353 379 1436 418 Rex
1455 384 1584 420 autem

176 437 410 488 Dolopathos
439 437 631 488 paulisper
660 437 856 477 subticens
884 443 998 488 atque
1016 438 1089 478 hac
1118 438 1279 488 illacque
1307 438 1418 489 quasi
1446 438 1510 489 qui
1530 439 1585 478 rei

177 495 389 548 cuiuspiam
419 495 630 536 nouitatem
657 495 820 536 miratur
857 497 988 537 oculos
1021 496 1313 537 circumducens
1350 499 1506 537 tandem
1545 498 1584 537 in

131 561 156 598 5
176 557 281 595 hunc
308 556 467 595 modum
496 568 657 596 exorsus
684 561 742 596 est
769 555 894 606 loqui:
924 556 1035 604 Cum,
1064 556 1200 607 inquit,
1230 570 1252 596 o
1282 556 1413 605 Cesar,
1450 557 1584 597 decen-

176 616 262 655 nale
290 620 442 667 tempus
470 615 663 655 transierit
690 628 738 655 ex
766 628 842 666 quo
870 628 1034 666 regnum
1064 615 1190 656 Sicilie
1218 629 1240 655 a
1269 622 1334 656 tua
1362 616 1486 667 recepi
1516 617 1586 656 cle-

175 675 335 722 mentia,
362 674 505 714 mirum
533 679 590 714 est
609 675 711 725 quod
739 674 778 714 in
807 679 915 714 tanto
934 675 1117 726 temporis
1145 676 1267 727 spatio
1297 676 1424 715 nullus
1453 689 1586 727 regum

175 734 238 774 uel
266 746 400 773 eorum
429 746 525 784 quos
545 733 811 774 criminatores
838 733 915 773 mei
933 733 1104 774 obiciunt
1132 748 1195 774 me
1214 735 1447 786 inquietasse
1468 735 1587 782 bellis,

176 792 327 833 tributis
345 794 569 841 honerasse,
599 806 730 833 coram
747 791 947 833 maiestate
974 798 1040 833 tua
1059 795 1254 844 querelam
1283 795 1470 845 deposuitv
1499 807 1587 834 cum

108 857 158 896 10
176 853 310 893 eadem
338 852 409 904 ipsi
439 866 514 903 qua
541 857 578 892 et
615 865 684 903 ego
720 857 878 892 utantur
906 852 1079 892 libertate
1115 855 1359 904 eundemque
1396 867 1511 904 quem
1552 859 1589 893 et

176 925 247 964 ego
275 916 311 951 te
340 911 480 952 scilicet
508 912 677 952 habeant
705 911 959 951 defensorem.
1015 912 1149 963 Neque
1169 913 1274 952 enim
1303 912 1510 952 uerisimile
1532 918 1589 952 est

176 984 239 1011 me
275 971 430 1022 regibus
466 975 593 1022 preter
629 970 869 1010 uoluntatem
905 976 1012 1010 tuam
1050 971 1281 1023 imposuisse
1318 971 1473 1019 tributa,
1523 971 1586 1022 qui

177 1030 245 1070 tibi
264 1043 310 1070 ea
328 1030 425 1070 sicut
444 1035 482 1070 et
501 1029 552 1069 illi
574 1043 640 1081 per
668 1043 792 1069 annos
812 1029 984 1081 singulos
1004 1030 1154 1070 soluere
1174 1031 1430 1082 conpellebar.
1460 1031 1588 1080 Quod-

177 1089 210 1130 si
238 1095 276 1129 et
303 1089 405 1130 istud
424 1087 652 1140 aliquotiens
673 1094 936 1140 temptassem‚
964 1089 1036 1141 ipsi
1055 1089 1187 1141 utique
1206 1090 1278 1130 sub
1299 1090 1534 1141 protectione
1554 1096 1589 1130 et

111 1154 158 1192 15
178 1148 401 1189 auctoritate
419 1153 485 1188 tua
505 1161 546 1188 se
565 1161 712 1200 suaque
730 1148 876 1188 fortiter
905 1149 1176 1189 defendissent.
1234 1149 1331 1189 Cum
1360 1150 1436 1189 hoc
1463 1149 1590 1200 itaque

178 1214 279 1248 stare
307 1221 387 1248 non
415 1208 548 1260 possit,
576 1213 694 1247 restat
722 1213 1003 1258 consequenter
1031 1213 1072 1247 ut
1099 1214 1136 1248 et
1155 1209 1195 1248 in
1224 1209 1306 1248 aliis
1335 1208 1409 1248 mei
1439 1221 1590 1248 accusa·

179 1273 282 1307 tores
319 1267 554 1308 excesserint
587 1267 800 1307 ueritatem.
857 1267 1001 1307 Verum
1041 1281 1131 1307 cum
1168 1273 1247 1308 tota
1285 1268 1436 1307 nouerit
1465 1267 1591 1308 Sicilia

179 1340 250 1366 nec
278 1326 406 1366 uicina
423 1327 538 1367 lateat
565 1339 685 1378 regna
702 1327 775 1366 hos
803 1339 956 1378 semper
976 1327 1242 1378 sanguinarios
1262 1331 1300 1367 et
1327 1327 1448 1378 patrie
1475 1327 1592 1367 fuisse

178 1386 405 1438 proditores,
443 1386 663 1437 indignarer
700 1385 831 1437 utique
869 1386 943 1425 nisi
980 1386 1029 1426 ob
1066 1386 1322 1426 reuerentiam
1360 1387 1415 1426 tui
1448 1386 1591 1437 tibique

106 1451 160 1489 20
177 1446 427 1486 assidentium
458 1459 521 1486 me
549 1446 604 1486 eis
631 1446 820 1486 hactenus
849 1445 1106 1497 respondisse.
1145 1446 1252 1495 Quos
1281 1452 1411 1486 tamen
1441 1451 1482 1486 ut
1511 1459 1590 1486 cer-

177 1505 258 1544 cius
287 1505 441 1545 noueris
470 1505 566 1545 tales
594 1518 679 1545 esse
715 1509 752 1544 et
785 1518 848 1544 me
885 1505 933 1544 ab
970 1505 1045 1544 hiis
1083 1518 1157 1556 que
1193 1505 1364 1545 obiciunt
1404 1505 1589 1549 alienum,

178 1564 285 1604 mitte
320 1564 448 1604 uirum
486 1564 546 1604 cui
574 1565 720 1612 credas,
759 1564 823 1615 qui
860 1577 948 1604 mea
982 1569 1019 1604 et
1047 1577 1182 1604 eorum
1211 1565 1309 1604 facta
1346 1565 1542 1604 sollercius
1571 1578 1593 1603 a

177 1623 325 1663 cunctis
353 1623 477 1663 Sicilie
504 1623 785 1664 habitatoribus
813 1623 1028 1674 inuestiget.
1066 1623 1214 1663 Placuit
1233 1624 1308 1664 hoc
1336 1623 1479 1670 Cesari,
1512 1623 1588 1675 pla-

178 1682 254 1722 cuit
272 1683 450 1722 Romane
483 1683 585 1723 curie
613 1682 861 1735 principibus,
891 1682 1129 1734 mittiturque
1147 1683 1295 1734 legatus
1324 1689 1360 1723 et
1389 1683 1590 1734 diligenter

105 1747 157 1785 25
176 1741 334 1793 inquirit
362 1755 429 1794 per
458 1742 630 1793 singulos
660 1742 810 1793 publice
838 1747 874 1782 et
902 1741 1103 1794 priuatim,
1142 1742 1267 1793 qualis
1304 1755 1371 1782 rex
1406 1743 1594 1793 qualesue

177 1800 240 1849 illi,
269 1801 301 1841 si
319 1802 395 1841 hoc
422 1802 484 1841 uel
501 1802 594 1841 illud
622 1803 669 1842 de
688 1815 776 1853 rege
795 1801 953 1852 eiusque
972 1801 1202 1842 aduersariis
1222 1814 1395 1853 unquam
1415 1802 1590 1841 auditum

177 1860 236 1900 sit.
292 1860 439 1901 Omnes
467 1866 596 1901 autem
625 1860 772 1901 nobiles
801 1866 837 1901 et
865 1860 1066 1912 ignobiles,
1102 1861 1217 1901 simul
1245 1861 1285 1900 in
1323 1874 1447 1901 unum
1483 1861 1591 1900 diues

177 1926 214 1960 et
250 1933 405 1972 pauper,
445 1921 554 1971 quasi
590 1921 667 1961 iam
703 1933 833 1972 regem
870 1933 986 1960 suum
1022 1920 1254 1968 amisissent,
1294 1921 1468 1960 dolentes
1510 1933 1590 1959 uno

178 1993 244 2019 ore
280 1993 369 2020 cum
405 1980 573 2020 lacrimis
607 1981 826 2021 clamabant
859 1984 1007 2032 patrem
1044 1993 1085 2020 se
1125 1981 1308 2020 habuisse
1337 1980 1587 2031 Dolopathos,

106 2044 159 2082 30
178 2052 257 2079 non
286 2053 415 2091 regem
444 2041 511 2080 sed
531 2040 750 2088 nutricium,
781 2053 860 2080 non
880 2039 1083 2080 dominum
1111 2041 1178 2080 sed
1206 2040 1326 2091 patrie
1356 2040 1589 2079 saluatorem

177 2104 214 2138 et
242 2098 295 2138 rei
324 2099 474 2150 publice
494 2100 756 2148 defensorem3
785 2099 869 2139 illos
898 2105 1055 2139 econtra
1074 2099 1195 2150 patrie
1222 2099 1436 2151 proditores
1456 2099 1590 2139 huma—

179 2157 294 2208 nique
313 2159 513 2210 sanguinis
532 2159 716 2199 effusores
736 2164 925 2199 testantur
943 2162 1139 2210 totamque
1158 2158 1278 2198 uitam
1297 2171 1409 2198 suam
1428 2157 1590 2197 diuersis

180 2217 404 2258 criminibus
433 2218 660 2258 maculasse.

297 2295 318 2329 3
343 2294 539 2339 suspiciens
576 2295 680 2340 PpV,
712 2293 908 2340 suscipiens
948 2294 987 2330 0.
1026 2313 1069 2319 -
1107 2296 1129 2327 9
1155 2293 1418 2339 querimoniam
1451 2294 1585 2338 OPpV.

181 2365 222 2372 ·——-
252 2347 290 2382 11
312 2347 384 2382 scil.
409 2348 500 2391 fehlt
528 2349 659 2393 OPpV.
686 2369 730 2375 —-
758 2348 801 2383 12
819 2359 870 2393 pr.
889 2347 1112 2383 nobilitatem
1137 2350 1161 2382 t.
1190 2348 1272 2392 oPp
1282 2348 1320 2383 V.
1339 2366 1381 2372 —
1410 2348 1451 2381 13
1477 2347 1588 2382 serui·

178 2411 216 2436 re
245 2401 371 2446 OPpV
412 2420 451 2425 —-
491 2402 686 2447 compellor
715 2402 839 2446 OPpV
861 2422 905 2428 —
930 2401 1026 2446 quod
1051 2401 1118 2436 etsi
1144 2402 1187 2435 L.
1225 2421 1268 2427 —-
1311 2401 1353 2435 15
1378 2399 1468 2435 Cum
1494 2400 1515 2435 i.
1543 2404 1584 2435 st.

178 2464 250 2489 non
277 2457 422 2499 possent
449 2455 533 2500 opp
542 2457 581 2491 V.
598 2475 641 2480 —
658 2456 700 2490 17
727 2455 982 2491 Verumtamen
1004 2455 1138 2499 OPpV.
1156 2473 1196 2479 —
1216 2455 1257 2488 19
1275 2453 1503 2498 indignanter
1523 2455 1587 2498 Pp,

178 2506 411 2551 indignantur
455 2509 493 2543 V.
535 2528 576 2533 —-
614 2509 660 2543 ⁶26
685 2509 753 2544 hoc
791 2511 826 2544 et
856 2508 943 2544 illud
970 2507 1075 2544 LOV
1111 2527 1155 2532 —
1202 2517 1387 2552 nunquam
1428 2508 1504 2543 PV.
1544 2526 1588 2532 -

178 2561 226 2595 99
252 2560 421 2605 proclam.
452 2562 547 2606 OpV
570 2581 611 2587 -—
637 2562 872 2608 dolopathum
902 2562 955 2606 Op
965 2562 1003 2596 V.
1023 2581 1067 2588 —
1094 2561 1140 2596 30
1164 2560 1224 2596 sed
1243 2561 1332 2604 fehlt
1362 2561 1444 2605 OPp
1454 2561 1493 2595 V.
