1800 2930
699 186 971 224 ..41-

128 295 236 345 leret,
264 311 354 339 cum
381 298 484 339 aliud
520 311 633 351 agere
661 311 740 338 non
778 311 946 351 possem,
981 299 1129 340 sortiter
1159 300 1393 341 exclamaui:
1429 315 1544 353 porro

131 357 302 408 undique
329 371 529 398 accurerre
554 358 678 409 puelle
704 363 890 409 ceperunt
908 371 1048 410 meque
1074 359 1125 399 ab
1152 359 1293 400 insano
1318 360 1541 402 liberarunt.

129 416 204 466 Qui
233 417 370 457 uidens
397 418 499 469 quod
531 418 610 457 iam
637 417 678 457 in
705 430 770 458 me
803 418 1000 470 preualere
1027 431 1108 459 non
1135 425 1278 470 posset,
1315 433 1378 460 me
1411 421 1543 461 relicta

129 475 169 515 in
198 477 343 528 puellas
370 476 560 517 conuertit
587 476 735 516 rabiem
762 489 906 527 easque
933 478 1050 517 modo
1078 477 1193 517 simili
1220 478 1413 519 laccrauit.
1459 480 1541 520 Nos

128 536 283 586 quidem
311 535 351 576 in
379 549 471 576 eum
498 535 658 576 iniurias
677 535 895 575 uindicasse
923 549 1139 588 possemus,
1167 538 1234 577 sed
1264 538 1470 578 maluimus
1489 540 1540 579 ob
1586 545 1614 583 5

127 594 184 635 tui
224 595 481 635 reuerentiam
515 595 696 635 cohibere
733 595 902 635 furorem
939 601 977 635 et
1014 597 1063 635 ad
1091 602 1128 635 te
1164 597 1311 637 deferre
1351 598 1538 647 querelas.

128 653 254 706 Super
287 660 394 694 tanto
429 654 545 706 igitur
579 655 723 694 soelere
758 660 797 694 et
830 655 1038 706 obprobrio
1074 668 1205 695 coram
1252 657 1435 696 omnibus
1475 657 1539 707 qui

126 719 263 753 assunt
289 712 529 766 principibus
561 727 585 753 a
613 719 664 762 te,
705 726 729 754 o
757 727 837 761 rex,
872 714 1079 755 iusticiam·
1098 719 1137 754 et
1172 715 1355 755 iudicium
1389 723 1539 767 expeto.

125 772 172 812 Et
200 772 275 812 hiis
301 772 412 813 dictis
438 773 631 813 conticuit.

124 831 243 920 Rex
270 844 364 872 uero
404 832 471 872 uix
499 833 593 872 dum
631 831 765 884 regina
805 846 1026 873 sermonem
1057 833 1184 873 finiret
1224 833 1423 874 sustinens
1449 848 1539 874 cum
1562 838 1614 877 10

189 894 363 943 'magno
390 893 517 944 rugitu
554 892 594 932 in
629 893 702 932 hec
736 893 912 944 prorupit
948 893 1088 933 uerba:
1128 893 1162 933 Ο
1196 893 1248 933 dii
1289 893 1537 942 immortales,

122 951 188 1002 ait,
216 964 240 990 o
257 951 417 1004 Jupiter,
445 965 469 991 o
486 952 637 1004 Apollo,
665 965 689 992 o
710 952 888 1000 Mercuri,
916 965 940 991 ο
958 953 1072 1000 Juno,
1101 965 1125 991 o
1145 953 1289 1001 Uenus,
1318 966 1388 993 cur
1404 959 1539 994 contra

122 1023 187 1050 me
221 1011 320 1051 bella
356 1011 501 1051 iniusta
535 1011 668 1052 initis?
723 1012 853 1060 Quare
898 1012 1086 1052 cultorem
1122 1018 1297 1052 uestrum
1342 1013 1538 1053 doloribus

122 1069 260 1110 subitis
301 1071 507 1111 cruciatis?
562 1071 775 1122 Hucusque
820 1084 883 1111 me
918 1071 1067 1111 felicem
1104 1073 1237 1112 uiuere
1280 1072 1537 1120 concessistis,

120 1129 323 1181 hucusque
360 1143 452 1181 erga
490 1144 553 1170 me
581 1130 706 1170 fuistis
733 1130 902 1182 benigni,
940 1136 978 1170 et
1005 1143 1093 1171 ecce
1121 1132 1242 1171 uitam
1270 1145 1397 1171 meam
1425 1132 1537 1172 mise·
1560 1135 1610 1173 15

125 1189 249 1237 rabili,
278 1190 346 1229 sed
374 1188 567 1229 immerito
585 1190 759 1230 clauditis
787 1189 884 1230 fine!
940 1190 1103 1242 Semper
1136 1191 1290 1242 templa,
1319 1204 1406 1231 aras
1433 1205 1536 1242 yma·

123 1248 311 1300 ginesque
338 1254 489 1289 uestras
516 1250 681 1289 deuotus
708 1249 821 1297 colui,
849 1250 1032 1301 ampliani
1059 1250 1267 1298 sacrificiis,
1297 1252 1536 1291 ornamentis

122 1308 303 1348 decoraui
332 1322 448 1360 super
466 1322 605 1349 omnes
631 1309 815 1360 temporis
835 1309 910 1348 mei
930 1323 1052 1360 reges.
1090 1310 1229 1350 Filium
1256 1311 1320 1350 diu
1348 1316 1534 1362 optatum,

119 1368 184 1408 diu
211 1374 454 1420 expectatum
483 1369 661 1420 precibus
688 1374 726 1409 et
751 1369 919 1409 lacrimis
948 1383 971 1409 a
990 1370 1101 1409 uobis
1130 1370 1291 1410 obtinui.
1342 1370 1389 1409 Et
1416 1383 1535 1420 quare

119 1427 227 1467 hune
268 1428 369 1467 bene
408 1434 556 1476 natum,
598 1429 699 1468 bene
738 1429 958 1476 educatum,
1004 1430 1104 1468 bene
1141 1429 1372 1469 instructum
1417 1430 1534 1470 inuidi
1554 1430 1609 1469 20

119 1487 408 1538 quodammodo
420 1487 545 1527 collati
564 1487 737 1527 muneris
756 1488 971 1540 penitentes
983 1488 1165 1528 aufertis?
1203 1488 1280 1528 Sed
1300 1502 1324 1529 ο
1342 1502 1405 1528 me
1424 1490 1534 1529 mise·

121 1559 221 1595 rum,
241 1559 312 1586 cur
329 1547 368 1586 in
388 1548 481 1587 deos
500 1547 689 1599 benignos
707 1547 860 1599 culpam
880 1551 1113 1598 retorqueo?
1139 1561 1185 1588 ac
1204 1562 1284 1588 non
1304 1549 1430 1599 potius
1450 1562 1534 1589 mee

118 1605 260 1657 filiique
272 1606 424 1646 miserie
435 1612 635 1658 peccatum
654 1607 912 1658 deputemus?
949 1607 1007 1646 Dii
1022 1607 1123 1655 iusti,
1141 1621 1213 1659 ego
1226 1607 1344 1647 miser
1359 1608 1534 1659 filiusque

117 1665 397 1718 blasphemus?
441 1665 475 1706 Ο
490 1679 561 1706 uos
588 1679 738 1714 omnes,
767 1679 877 1718 reges
905 1672 943 1706 et
970 1667 1174 1718 principes,
1203 1667 1322 1718 gloria
1349 1667 1533 1718 regnique

117 1725 193 1764 mei
207 1725 338 1773 robur,
351 1725 535 1765 attendite
553 1731 591 1765 et
604 1725 731 1766 uidete
743 1725 775 1765 si
794 1732 853 1766 est
866 1726 976 1765 dolor
993 1726 1091 1766 sicut
1105 1727 1215 1766 dolor
1226 1731 1356 1766 meus!
1395 1727 1532 1767 Filium
1551 1725 1605 1764 25

118 1784 285 1824 enutriui
302 1789 341 1824 et
359 1784 519 1833 erudiui,
548 1798 665 1836 quem
683 1786 852 1825 exaltare
870 1786 1131 1834 decreueram,
1160 1786 1242 1838 ipse
1261 1792 1390 1826 autem
1409 1786 1532 1826 intan-

115 1848 200 1883 tum
227 1857 292 1884 me
318 1844 476 1896 spreuit,
514 1850 557 1884 ut
592 1844 632 1884 in
666 1858 731 1884 me
758 1845 993 1884 commiserit
1029 1846 1174 1885 crimen
1212 1847 1316 1896 quod
1356 1846 1532 1886 nondum

114 1903 252 1954 aliquis
278 1903 318 1943 in
347 1909 496 1955 patrem
523 1904 764 1944 commisisse
792 1905 950 1944 feratur.
1005 1905 1109 1944 Dum
1135 1906 1211 1945 hoc
1238 1906 1356 1945 modo
1388 1906 1531 1945 lamen-

114 1967 260 2003 taretur
304 1968 424 2015 pater,
473 1964 630 2003 aduenit
679 1963 778 2003 filius
819 1964 1031 2016 simplicem
1078 1978 1338 2015 serenumque
1380 1965 1530 2004 uultum

113 2035 252 2074 gerens
286 2028 325 2062 et
362 2023 480 2063 astitit
521 2023 740 2063 comminus
779 2024 889 2075 patri.
951 2024 1192 2064 Mirabantur
1227 2029 1357 2080 autem
1393 2021 1605 2064 omnes30

114 2082 149 2122 si
176 2086 285 2122 tanta
312 2083 444 2122 uultus
471 2083 693 2135 simplicitas
721 2089 873 2123 tantum
901 2089 1121 2136 perpetrare
1148 2084 1295 2124 facinus
1331 2084 1527 2136 potuisset.

113 2141 350 2193 Dolopathos
378 2148 509 2182 autem
546 2142 631 2182 uiso
668 2143 745 2182 filio
780 2143 975 2183 intantum
1011 2144 1173 2183 assumit
1201 2144 1386 2192 dolorem,
1419 2143 1527 2183 inno-

112 2205 181 2240 uat
207 2201 405 2253 planctum
423 2214 604 2253 nouoque
622 2202 783 2242 uulnere
810 2203 1014 2243 sauciatur.
1052 2203 1132 2252 Fili,
1160 2203 1224 2251 ait,
1253 2203 1285 2243 si
1313 2216 1528 2254 numquam

233 2311 249 2345 1
277 2309 382 2346 aliter
404 2321 461 2355 ag.
486 2311 552 2356 Pp'.
581 2331 621 2338 —
649 2311 671 2346 2
690 2322 766 2357 cep.
792 2311 881 2355 fehlt
891 2312 934 2347 L.
959 2332 1005 2337 -
1030 2313 1052 2347 3
1079 2312 1172 2356 Quid
1196 2312 1338 2348 uideres
1361 2312 1457 2357 quod
1483 2314 1527 2349 L.

110 2383 157 2390 —
180 2363 370 2399 5iniurias
392 2365 483 2408 fehlt
511 2365 651 2410 OPpV.
676 2384 721 2390 —
749 2366 789 2400 11
812 2366 1015 2411 prorumpit
1039 2367 1083 2401 L.
1104 2386 1143 2392 —
1175 2367 1218 2400 12
1243 2377 1265 2400 ο
1283 2365 1413 2411 Apollo
1436 2367 1527 2410 fehlt

114 2417 212 2462 OpV
229 2437 276 2445 —
300 2429 323 2454 o
347 2418 443 2454 Juno
467 2419 557 2461 fehlt
583 2419 625 2454 L.
652 2437 696 2444 —-
732 2419 775 2454 13
799 2419 870 2454 dol.
902 2419 1158 2466 subditisspV,
1183 2419 1254 2455 dol.
1280 2419 1465 2455 subditum
1498 2422 1527 2455 O

109 2469 276 2512 (subditis
299 2471 409 2507 tantis
433 2471 588 2517 miseriis
612 2483 707 2508 cruc.
734 2474 791 2515 V).
806 2493 851 2499 —
868 2473 912 2507 14
936 2473 1130 2508 cruentatis
1145 2474 1211 2518 sp.
1225 2491 1271 2498 -
1286 2474 1331 2508 15
1344 2473 1424 2508 mis.
1436 2474 1528 2517 fehlt

113 2522 251 2569 ospV.
276 2545 322 2552 —
348 2526 393 2560 19
416 2525 477 2560 diu
496 2536 575 2571 exp.
589 2526 680 2570 fehlt
708 2527 792 2571 opp
803 2527 845 2562 V.
860 2545 908 2550 —
932 2526 1089 2561 20nunc
1114 2526 1149 2561 b.
1178 2527 1217 2561 0.
1242 2546 1289 2551 -
1314 2527 1360 2561 22
1383 2537 1426 2561 ac
1450 2538 1523 2563 non

108 2576 178 2621 thr
198 2587 247 2612 an
271 2588 347 2613 non
374 2578 475 2613 eous.
500 2579 567 2614 a.
594 2598 639 2604 —
671 2579 718 2614 23
734 2582 954 2624 peccatoque
978 2579 1194 2624 deputemur
1217 2580 1272 2622 L;
1295 2590 1328 2624 p.
1353 2579 1525 2624 deputem

116 2628 158 2665 V.
183 2648 227 2655 —
252 2630 297 2666 27
323 2641 511 2676 nunquam
535 2631 582 2668 al.
608 2633 673 2677 Pp.
692 2653 737 2659 —
754 2632 803 2667 30
825 2632 960 2667 assistit
982 2632 1024 2667 V.
1042 2653 1088 2659 —
1105 2633 1148 2667 31
1176 2635 1202 2667 t.
1227 2632 1344 2667 scelus
1368 2636 1523 2678 perpetr.

121 2681 208 2726 V,t.
237 2683 355 2719 scelus
383 2687 607 2730 perpetrasse
635 2685 871 2721 o.—33si
902 2685 1225 2730 fehltL,utinam
1255 2686 1295 2719 0.
