1800 2930
723 166 997 206 -69-

156 278 393 320 uindieabit?
448 280 605 330 Mando,
624 279 689 328 ait,
718 293 788 331 pro
808 293 872 320 me
898 280 934 321 ei
954 281 1018 332 qui
1037 279 1155 320 michi
1174 281 1213 321 in
1235 294 1354 332 regno
1382 282 1573 323 succedet.

155 338 202 379 Et
230 338 310 379 illa:
339 339 387 379 Et
413 352 544 390 quam,
572 338 638 387 ait,
675 340 897 380 mercedem
924 339 1099 391 accipies,
1138 340 1171 380 si
1198 340 1297 380 alius
1333 353 1425 381 eum
1452 340 1575 382 uindi-

154 398 299 438 cauerit
326 398 392 449 qui
412 404 450 439 te
477 398 646 446 uiuente,
675 403 712 438 te
732 403 919 450 regnante
946 398 1098 438 occisus
1125 403 1209 439 est?
1248 400 1416 448 Nullam,
1437 400 1574 451 inquit.

153 457 205 497 At
234 458 369 498 uidua:
407 457 507 509 Ergo
535 462 577 498 tu
611 457 694 509 ipse
722 458 780 497 fac
818 458 922 508 quod
949 458 1012 498 alii
1040 463 1289 509 precepturus
1316 472 1370 507 ες,
1407 465 1449 499 ut
1484 460 1576 500 inde

154 517 310 556 laudem
335 516 386 556 ab
419 516 646 556 hominibus
673 521 711 556 et
739 530 763 555 a
798 516 870 555 diis
899 516 1092 568 premium
1129 518 1392 568 consequaris.
1446 518 1575 559 Motus
1620 518 1646 556 5

155 588 221 615 rex
250 580 330 615 tam
357 575 507 615 ratione
533 575 650 615 uidue
688 587 818 634 quam
841 576 957 615 etiam
986 576 1248 616 misericordia
1284 576 1402 617 dilato
1436 576 1575 617 iterum

154 634 255 674 bello
293 634 344 674 ad
380 634 519 674 urbem
556 634 781 686 regreditur.
837 633 1002 686 Cognito
1038 640 1169 675 autem
1206 636 1310 687 quod
1347 635 1447 675 filius
1481 649 1575 677 suus

153 693 221 733 filii
239 693 355 734 uidue
373 698 477 733 esset
494 693 733 733 interfector:
762 693 924 743 Gallina,
953 693 1019 742 ait,
1049 699 1114 734 tua
1134 694 1227 735 satis
1247 699 1290 735 ut
1308 700 1402 746 puto
1421 700 1576 735 mortuo

152 751 330 804 accipitre
357 757 593 804 conpensata
612 757 683 792 est.
722 752 907 792 Ceterum
934 766 1004 805 pro
1024 753 1102 792 fflio
1130 753 1330 794 interfecto
1357 755 1406 794 de
1423 755 1577 795 duobus

153 810 351 862 optionem
377 811 428 851 do
446 811 533 851 tibi:
563 817 630 852 aut
657 811 761 851 enim
790 812 824 852 si
843 812 902 852 uis
931 812 1052 852 filium
1081 826 1213 853 meum
1241 813 1481 862 interficiam,
1510 819 1576 854 aut
1599 814 1647 852 10

84 893 97 907 κ
152 870 185 910 si
212 882 302 910 eum
329 870 462 910 uiuere
488 870 627 911 melius
645 871 876 919 decreueris,
904 872 955 911 do
983 884 1074 911 eum
1095 872 1162 911 tibi
1188 872 1272 914 loco
1291 873 1445 921 mortui,
1474 878 1516 912 ut
1538 877 1576 913 te

152 929 252 971 eolat
269 935 311 970 ut
329 934 507 978 matrem,
537 931 671 970 adoret
690 935 733 970 ut
751 930 939 982 reginam,
968 931 1100 971 timeat
1120 937 1162 971 ut
1191 932 1391 972 dominam
1418 932 1576 972 seruiat-

152 1001 228 1040 que
263 988 332 1028 tibi
368 988 518 1029 cunctis
554 990 633 1029 uite
671 995 735 1030 tue
772 990 919 1030 diebus.
975 990 1044 1030 Illa
1081 1004 1175 1030 uero
1213 991 1342 1031 utilius
1382 991 1456 1031 sibi
1494 992 1576 1031 fore

150 1046 325 1088 iudicans
364 1049 464 1100 regis
504 1049 626 1089 filium
668 1049 801 1089 uiuere
843 1062 961 1100 quam
1002 1050 1115 1098 mori,
1161 1064 1232 1102 pro
1272 1056 1426 1091 mortuo
1466 1050 1576 1091 illum

150 1107 319 1159 suscepit
346 1109 609 1159 translataque
637 1114 696 1148 est
723 1109 772 1148 de
799 1109 953 1159 tugurio
979 1110 1029 1148 ad
1058 1082 1255 1160 palatium,
1296 1110 1512 1161 pannicilos
1538 1115 1575 1150 et
1598 1110 1647 1150 15

151 1166 387 1208 semicintias
424 1167 599 1208 uestibus
637 1168 784 1208 murice
827 1168 956 1208 tinctis
998 1174 1260 1208 commutans.
1321 1169 1405 1208 Rex
1446 1174 1576 1210 autem

151 1230 241 1278 post
275 1226 349 1266 hec
386 1232 521 1266 contra
552 1226 687 1267 hostes
726 1227 919 1279 profectus
958 1232 1017 1267 est
1054 1233 1308 1279 pugnaturus.
1339 1252 1386 1257 --
1416 1228 1523 1277 Vide,
1553 1242 1576 1268 o

151 1345 348 1395 quomodo
383 1349 422 1385 et
458 1345 600 1385 iustitie
635 1345 804 1397 rigorem
841 1346 977 1394 tenuit,
1019 1351 1057 1386 et
1099 1352 1230 1386 tamen
1265 1359 1338 1387 sua
1373 1346 1576 1398 prudentia

153 1402 277 1443 filium
304 1404 530 1445 reseruauit.
584 1404 633 1445 Et
658 1405 735 1444 hoc
762 1410 865 1445 certe
893 1418 973 1445 non
1002 1418 1128 1454 suam,
1157 1407 1226 1445 sed
1245 1405 1401 1446 alterius
1429 1411 1466 1446 et
1494 1419 1575 1446 non
1593 1407 1647 1447 ΞΟ

153 1462 357 1503 cuiuslibet
392 1464 574 1515 potentis,
611 1465 679 1504 sed
714 1465 946 1516 paupercule
985 1464 1102 1504 uidue
1140 1465 1319 1505 iniuriam
1353 1465 1574 1505 uindicauit.

153 1521 215 1561 Tu
261 1535 352 1574 ergo
394 1522 510 1563 etiam
549 1522 668 1564 huius
709 1524 887 1575 exemplo
928 1523 1018 1571 filio,
1063 1524 1150 1564 licet
1191 1524 1384 1564 incestum
1421 1530 1575 1576 patrare

150 1581 329 1629 uoluerit,
373 1595 611 1633 quamquam
646 1583 723 1623 hoc
758 1583 877 1623 michi
917 1583 1142 1623 incredibile
1189 1584 1376 1632 uideatur,
1423 1597 1572 1636 parcas,

151 1646 283 1681 tamen
319 1641 452 1693 regine
493 1647 530 1682 et
569 1642 705 1694 puellis
741 1642 822 1682 suis
864 1643 1058 1694 quomodo
1095 1643 1289 1683 noluerint
1322 1643 1572 1683 satisfaciens.

152 1700 335 1741 Ceterum
362 1706 493 1741 autem
527 1701 560 1741 si
597 1702 816 1754 principum
851 1708 1008 1742 tuorum
1036 1702 1269 1743 sententiam
1305 1708 1456 1743 mutare
1492 1716 1573 1744 non
1591 1704 1644 1744 25

150 1759 224 1807 uis,
251 1759 313 1800 uel
339 1760 416 1800 hoc
443 1761 569 1801 saltim
597 1761 886 1813 impetrauerim
914 1775 937 1802 a
965 1767 1003 1802 te
1030 1767 1072 1802 ut
1099 1762 1134 1802 ei
1159 1762 1276 1802 huius
1303 1762 1377 1803 diei
1404 1763 1574 1814 spatium

150 1820 399 1871 superaddas.
455 1819 551 1860 Cras
587 1821 694 1861 enim
731 1821 830 1861 sicut
857 1826 895 1861 et
929 1821 1045 1861 hodie
1082 1821 1187 1873 ligna
1223 1826 1262 1861 et
1297 1821 1428 1873 ignem
1465 1821 1573 1862 facile

149 1877 338 1927 inuenies,
367 1879 507 1930 quibus
535 1885 625 1920 tuus
654 1880 754 1920 filius
783 1885 1062 1923 concremetur.
1117 1881 1169 1921 At
1197 1894 1282 1922 rext
1310 1881 1479 1930 Bonum,
1506 1881 1571 1929 ait,

150 1950 175 1978 o
211 1937 494 1990 sapientissime
531 1939 752 1989 hominum,
792 1941 930 1992 prebes
964 1940 1188 1988 consilium;
1231 1941 1300 1981 sed
1341 1953 1432 1981 cum
1468 1941 1572 1991 quod

150 1997 321 2038 consulis
358 1998 483 2038 facere
519 2011 600 2039 non
638 1998 798 2051 possim,
835 2000 911 2039 hoc
947 2000 1085 2040 saltem
1122 1999 1260 2040 faciam
1300 2001 1402 2051 quod
1436 2000 1572 2040 ultimo
1589 2006 1645 2045 30

150 2056 306 2109 rogasti.
361 2057 531 2098 Dimisso
558 2071 650 2110 ergo
678 2058 851 2110 sapiente
889 2072 958 2099 rex
985 2072 1077 2099 cum
1104 2059 1160 2100 eis
1199 2060 1265 2110 qui
1293 2064 1570 2107 conuenerant,

150 2115 284 2168 regina
308 2122 440 2157 tamen
468 2130 514 2157 ac
550 2118 685 2170 puellis
714 2118 796 2158 suis
824 2118 981 2159 beluino
1007 2132 1117 2159 more
1154 2118 1386 2170 furentibus,
1422 2119 1471 2159 ad
1506 2132 1570 2170 pa-

147 2175 287 2216 latium
314 2189 514 2228 regressus
542 2182 613 2218 est.

247 2289 264 2324 1
291 2288 343 2324 ait
364 2300 429 2325 rex
456 2289 584 2334 OPpV
605 2311 649 2316 -
675 2300 741 2334 pro
765 2293 801 2325 te
818 2289 852 2325 ei
874 2289 976 2334 LPp,
1002 2292 1098 2325 certe
1122 2289 1183 2325 ille
1202 2289 1243 2325 Ο.
1270 2308 1315 2315 -
1339 2289 1403 2332 415
1427 2291 1464 2325 et
1486 2288 1571 2325 inde

152 2368 161 2377 .
179 2369 188 2378 .
206 2369 216 2376 .
233 2342 464 2387 consequeris
482 2343 539 2388 Op
547 2344 588 2378 V.
607 2364 651 2369 —
671 2344 695 2378 5
712 2343 759 2378 ab
776 2342 947 2378 omnibus
976 2344 1014 2378 O.
1040 2364 1085 2369 —
1113 2343 1133 2378 7
1158 2342 1352 2378 reuertitur
1378 2341 1569 2387 OPpV.—

154 2394 261 2431 10si
293 2395 385 2431 uelis
415 2397 460 2432 L.
495 2417 539 2422 -—
573 2397 617 2432 14
660 2396 826 2441 profilio
862 2407 948 2432 eum
984 2397 1210 2442 susmopV.
1246 2416 1292 2423 -
1339 2397 1382 2431 15
1414 2397 1462 2431 ad
1498 2396 1570 2441 pal.

150 2455 219 2494 pro
242 2448 372 2494 pannis
395 2449 540 2485 sericeis
563 2449 726 2485 vestibus
743 2450 951 2494 muriceque
967 2450 1090 2485 tinctis
1114 2449 1241 2485 habitu
1265 2452 1321 2485 est
1337 2450 1466 2485 vestita
1490 2449 1570 2485 Rex

149 2504 233 2547 post
255 2502 323 2538 hec
346 2503 389 2539 V.
402 2523 447 2529 —
475 2503 518 2538 17
544 2502 582 2538 in
606 2503 729 2538 hostes
749 2503 930 2548 OPpV—
955 2506 1149 2548 prouectus
1173 2504 1247 2548 pV.
1265 2523 1311 2529 —
1339 2503 1382 2538 19
1407 2503 1569 2546 vigorem

150 2555 304 2600 1²2-
339 2556 388 2591 24
410 2555 635 2592 satisfaciens
661 2557 761 2592 Coni.
794 2557 874 2598 a„
907 2556 1128 2591 satisfacient
1153 2557 1196 2598 L,
1221 2556 1371 2591 satisfiet
1405 2557 1444 2597 Ο,
1469 2555 1570 2591 satis-

150 2607 356 2644 faciendum
392 2609 459 2655 Pp,
504 2609 703 2645 satisfacias
735 2611 776 2644 V.
821 2629 867 2636 --
904 2609 950 2644 26
987 2620 1040 2655 sp.
1076 2609 1251 2655 deprecor
1285 2619 1364 2655 sup.
1405 2608 1485 2680 ΟΥ.
1521 2629 1566 2635 -

150 2660 355 2707 32183reg.
380 2665 567 2708 Lcump.
593 2673 622 2698 s.
648 2662 1137 2708 ...regraesaoetfflpw
