<?xml version="1.0" encoding="UTF-8"?>
<!DOCTYPE html PUBLIC "-//W3C//DTD XHTML 1.0 Transitional//EN"
    "http://www.w3.org/TR/xhtml1/DTD/xhtml1-transitional.dtd">
<html xmlns="http://www.w3.org/1999/xhtml" xml:lang="en" lang="en">
 <head>
  <title>
</title>
<meta http-equiv="Content-Type" content="text/html;charset=utf-8" />
  <meta name='ocr-system' content='tesseract 3.04.00' />
  <meta name='ocr-capabilities' content='ocr_page ocr_carea ocr_par ocr_line ocrx_word'/>
</head>
<body>
  <div class='ocr_page' id='page_1' title='image "./historiaseptemsa02hilkuoft_0117.png"; bbox 0 0 1800 2930; ppageno 0'>
   <div class='ocr_carea' id='block_1_1' title="bbox 723 164 997 203">
    <p class='ocr_par' dir='ltr' id='par_1_1' title="bbox 723 164 997 203">
     <span class='ocr_line' id='line_1_1' title="bbox 723 164 997 203; baseline 0 -11"><span class='ocrx_word' id='word_1_1' title='bbox 723 164 997 203; x_wconf 61' lang='lat'><strong>„99-</strong></span> 
     </span>
    </p>
   </div>
   <div class='ocr_carea' id='block_1_2' title="bbox 151 276 1572 802">
    <p class='ocr_par' dir='ltr' id='par_1_2' title="bbox 151 276 1572 802">
     <span class='ocr_line' id='line_1_2' title="bbox 152 276 1569 330; baseline 0.005 -14"><span class='ocrx_word' id='word_1_2' title='bbox 152 276 309 317; x_wconf 88' lang='lat' dir='ltr'><strong>mittens</strong></span> <span class='ocrx_word' id='word_1_3' title='bbox 336 277 439 317; x_wconf 85' lang='lat' dir='ltr'><strong>celos</strong></span> <span class='ocrx_word' id='word_1_4' title='bbox 479 276 574 330; x_wconf 79' lang='lat' dir='ltr'><strong>ipsis</strong></span> <span class='ocrx_word' id='word_1_5' title='bbox 610 276 831 318; x_wconf 86' lang='lat' dir='ltr'><strong>uidentibus</strong></span> <span class='ocrx_word' id='word_1_6' title='bbox 858 277 997 319; x_wconf 86' lang='lat' dir='ltr'><strong>baiulis</strong></span> <span class='ocrx_word' id='word_1_7' title='bbox 1032 278 1203 319; x_wconf 87' lang='lat' dir='ltr'><strong>nubibus</strong></span> <span class='ocrx_word' id='word_1_8' title='bbox 1239 281 1424 330; x_wconf 84' lang='lat' dir='ltr'><strong>ascendit,</strong></span> <span class='ocrx_word' id='word_1_9' title='bbox 1465 283 1569 323; x_wconf 88' lang='lat' dir='ltr'><strong>unde</strong></span> 
     </span>
     <span class='ocr_line' id='line_1_3' title="bbox 151 335 1272 390; baseline 0.005 -15"><span class='ocrx_word' id='word_1_10' title='bbox 151 335 279 386; x_wconf 87' lang='lat' dir='ltr'><strong>ipsum</strong></span> <span class='ocrx_word' id='word_1_11' title='bbox 306 349 461 387; x_wconf 87' lang='lat' dir='ltr'><strong>quoque</strong></span> <span class='ocrx_word' id='word_1_12' title='bbox 487 341 697 377; x_wconf 85' lang='lat' dir='ltr'><strong>uenturum</strong></span> <span class='ocrx_word' id='word_1_13' title='bbox 723 337 773 377; x_wconf 83' lang='lat' dir='ltr'><strong>ad</strong></span> <span class='ocrx_word' id='word_1_14' title='bbox 800 336 983 378; x_wconf 89' lang='lat' dir='ltr'><strong>iudicium</strong></span> <span class='ocrx_word' id='word_1_15' title='bbox 1011 344 1272 390; x_wconf 73' lang='lat' dir='ltr'>expectamus.</span> 
     </span>
     <span class='ocr_line' id='line_1_4' title="bbox 151 393 1570 483; baseline 0.005 -49"><span class='ocrx_word' id='word_1_16' title='bbox 151 393 383 483; x_wconf 81' lang='lat' dir='ltr'><strong>Lucinius:</strong></span> <span class='ocrx_word' id='word_1_17' title='bbox 412 395 550 444; x_wconf 83' lang='lat' dir='ltr'><strong>Velim,</strong></span> <span class='ocrx_word' id='word_1_18' title='bbox 577 395 642 444; x_wconf 86' lang='lat' dir='ltr'><strong>ait,</strong></span> <span class='ocrx_word' id='word_1_19' title='bbox 669 395 769 436; x_wconf 85' lang='lat' dir='ltr'><strong>scire</strong></span> <span class='ocrx_word' id='word_1_20' title='bbox 788 396 881 447; x_wconf 91' lang='lat' dir='ltr'><strong>quid</strong></span> <span class='ocrx_word' id='word_1_21' title='bbox 902 409 1019 438; x_wconf 81' lang='lat' dir='ltr'><strong>cause</strong></span> <span class='ocrx_word' id='word_1_22' title='bbox 1037 397 1149 438; x_wconf 82' lang='lat' dir='ltr'><strong>fuerit</strong></span> <span class='ocrx_word' id='word_1_23' title='bbox 1167 399 1270 450; x_wconf 92' lang='lat' dir='ltr'><strong>quod</strong></span> <span class='ocrx_word' id='word_1_24' title='bbox 1288 412 1369 440; x_wconf 91' lang='lat' dir='ltr'><strong>non</strong></span> <span class='ocrx_word' id='word_1_25' title='bbox 1387 400 1570 442; x_wconf 86' lang='lat' dir='ltr'><strong>omnibus</strong></span> 
     </span>
     <span class='ocr_line' id='line_1_5' title="bbox 241 454 1570 506; baseline 0.005 -12"><span class='ocrx_word' id='word_1_26' title='bbox 241 467 385 506; x_wconf 79' lang='lat' dir='ltr'><strong>passim</strong></span> <span class='ocrx_word' id='word_1_27' title='bbox 412 454 512 495; x_wconf 84' lang='lat' dir='ltr'><strong>sicut</strong></span> <span class='ocrx_word' id='word_1_28' title='bbox 538 467 645 495; x_wconf 88' lang='lat' dir='ltr'><strong>nunc</strong></span> <span class='ocrx_word' id='word_1_29' title='bbox 671 454 789 495; x_wconf 83' lang='lat' dir='ltr'><strong>etiam</strong></span> <span class='ocrx_word' id='word_1_30' title='bbox 816 460 932 496; x_wconf 83' lang='lat' dir='ltr'><strong>antea</strong></span> <span class='ocrx_word' id='word_1_31' title='bbox 958 455 1169 497; x_wconf 78' lang='lat' dir='ltr'>innotuerit</span> <span class='ocrx_word' id='word_1_32' title='bbox 1195 458 1301 498; x_wconf 87' lang='lat' dir='ltr'><strong>etad</strong></span> <span class='ocrx_word' id='word_1_33' title='bbox 1323 471 1460 499; x_wconf 60' lang='lat' dir='ltr'><strong>omnes</strong></span> <span class='ocrx_word' id='word_1_34' title='bbox 1487 459 1570 500; x_wconf 87' lang='lat' dir='ltr'><strong>eius</strong></span> 
     </span>
     <span class='ocr_line' id='line_1_6' title="bbox 153 513 1568 568; baseline 0.004 -15"><span class='ocrx_word' id='word_1_35' title='bbox 153 513 249 553; x_wconf 86' lang='lat' dir='ltr'><strong>fides</strong></span> <span class='ocrx_word' id='word_1_36' title='bbox 279 526 324 554; x_wconf 85' lang='lat' dir='ltr'><strong>ac</strong></span> <span class='ocrx_word' id='word_1_37' title='bbox 351 513 511 554; x_wconf 84' lang='lat' dir='ltr'><strong>scientia</strong></span> <span class='ocrx_word' id='word_1_38' title='bbox 538 513 770 565; x_wconf 86' lang='lat' dir='ltr'><strong>peruenerit.</strong></span> <span class='ocrx_word' id='word_1_39' title='bbox 824 514 894 554; x_wconf 85' lang='lat' dir='ltr'><strong>Vir</strong></span> <span class='ocrx_word' id='word_1_40' title='bbox 921 520 1079 555; x_wconf 82' lang='lat' dir='ltr'><strong>sanctus</strong></span> <span class='ocrx_word' id='word_1_41' title='bbox 1116 517 1330 568; x_wconf 84' lang='lat' dir='ltr'><strong>respondit·</strong></span> <span class='ocrx_word' id='word_1_42' title='bbox 1383 517 1568 559; x_wconf 88' lang='lat' dir='ltr'><strong>Nondum</strong></span> 
     </span>
     <span class='ocr_line' id='line_1_7' title="bbox 157 572 1571 625; baseline 0.004 -13"><span class='ocrx_word' id='word_1_43' title='bbox 157 585 295 625; x_wconf 87' lang='lat' dir='ltr'><strong>capere</strong></span> <span class='ocrx_word' id='word_1_44' title='bbox 322 578 471 625; x_wconf 88' lang='lat' dir='ltr'><strong>poterat</strong></span> <span class='ocrx_word' id='word_1_45' title='bbox 498 573 706 625; x_wconf 78' lang='lat' dir='ltr'><strong>perfectam</strong></span> <span class='ocrx_word' id='word_1_46' title='bbox 724 572 869 614; x_wconf 78' lang='lat' dir='ltr'>Christi</span> <span class='ocrx_word' id='word_1_47' title='bbox 887 573 1103 615; x_wconf 79' lang='lat' dir='ltr'><strong>doctrinam</strong></span> <span class='ocrx_word' id='word_1_48' title='bbox 1122 576 1229 615; x_wconf 89' lang='lat' dir='ltr'><strong>rudis</strong></span> <span class='ocrx_word' id='word_1_49' title='bbox 1256 576 1383 617; x_wconf 86' lang='lat' dir='ltr'><strong>adhuc</strong></span> <span class='ocrx_word' id='word_1_50' title='bbox 1400 579 1571 619; x_wconf 90' lang='lat' dir='ltr'><strong>mundus</strong></span> 
     </span>
     <span class='ocr_line' id='line_1_8' title="bbox 153 631 1572 684; baseline 0.004 -13"><span class='ocrx_word' id='word_1_51' title='bbox 153 637 190 671; x_wconf 88' lang='lat' dir='ltr'><strong>et</strong></span> <span class='ocrx_word' id='word_1_52' title='bbox 218 632 335 672; x_wconf 87' lang='lat' dir='ltr'><strong>totius</strong></span> <span class='ocrx_word' id='word_1_53' title='bbox 362 631 496 683; x_wconf 86' lang='lat' dir='ltr'><strong>peritie</strong></span> <span class='ocrx_word' id='word_1_54' title='bbox 522 631 700 682; x_wconf 52' lang='lat' dir='ltr'><strong>ignarum</strong></span> <span class='ocrx_word' id='word_1_55' title='bbox 729 645 866 684; x_wconf 84' lang='lat' dir='ltr'><strong>parum</strong></span> <span class='ocrx_word' id='word_1_56' title='bbox 904 632 1009 673; x_wconf 87' lang='lat' dir='ltr'><strong>enim</strong></span> <span class='ocrx_word' id='word_1_57' title='bbox 1047 638 1115 674; x_wconf 89' lang='lat' dir='ltr'><strong>aut</strong></span> <span class='ocrx_word' id='word_1_58' title='bbox 1150 634 1270 674; x_wconf 83' lang='lat' dir='ltr'><strong>nichil</strong></span> <span class='ocrx_word' id='word_1_59' title='bbox 1297 635 1522 677; x_wconf 78' lang='lat' dir='ltr'><strong>differebant</strong></span> <span class='ocrx_word' id='word_1_60' title='bbox 1548 651 1572 677; x_wconf 90' lang='lat' dir='ltr'><strong>a</strong></span> 
     </span>
     <span class='ocr_line' id='line_1_9' title="bbox 153 690 1571 747; baseline 0.003 -16"><span class='ocrx_word' id='word_1_61' title='bbox 153 690 275 731; x_wconf 88' lang='lat' dir='ltr'><strong>brutis</strong></span> <span class='ocrx_word' id='word_1_62' title='bbox 302 690 537 731; x_wconf 80' lang='lat' dir='ltr'><strong>animalibus</strong></span> <span class='ocrx_word' id='word_1_63' title='bbox 565 690 759 731; x_wconf 87' lang='lat' dir='ltr'><strong>homines.</strong></span> <span class='ocrx_word' id='word_1_64' title='bbox 801 691 1046 732; x_wconf 82' lang='lat' dir='ltr'><strong>Confirmant</strong></span> <span class='ocrx_word' id='word_1_65' title='bbox 1073 692 1147 733; x_wconf 86' lang='lat' dir='ltr'><strong>bec</strong></span> <span class='ocrx_word' id='word_1_66' title='bbox 1172 706 1262 733; x_wconf 87' lang='lat' dir='ltr'><strong>mea</strong></span> <span class='ocrx_word' id='word_1_67' title='bbox 1288 694 1408 734; x_wconf 89' lang='lat' dir='ltr'><strong>uerba</strong></span> <span class='ocrx_word' id='word_1_68' title='bbox 1433 695 1488 735; x_wconf 91' lang='lat' dir='ltr'><strong>hii</strong></span> <span class='ocrx_word' id='word_1_69' title='bbox 1506 696 1571 747; x_wconf 88' lang='lat' dir='ltr'><strong>qui</strong></span> 
     </span>
     <span class='ocr_line' id='line_1_10' title="bbox 154 750 1572 802; baseline 0.004 -12"><span class='ocrx_word' id='word_1_70' title='bbox 154 763 177 789; x_wconf 87' lang='lat' dir='ltr'><strong>a</strong></span> <span class='ocrx_word' id='word_1_71' title='bbox 202 750 437 791; x_wconf 87' lang='lat' dir='ltr'><strong>Prometheo</strong></span> <span class='ocrx_word' id='word_1_72' title='bbox 464 750 633 802; x_wconf 87' lang='lat' dir='ltr'><strong>primum</strong></span> <span class='ocrx_word' id='word_1_73' title='bbox 659 750 841 791; x_wconf 87' lang='lat' dir='ltr'><strong>homines</strong></span> <span class='ocrx_word' id='word_1_74' title='bbox 861 764 948 792; x_wconf 88' lang='lat' dir='ltr'><strong>esse</strong></span> <span class='ocrx_word' id='word_1_75' title='bbox 966 752 1088 792; x_wconf 78' lang='lat' dir='ltr'><strong>factos</strong></span> <span class='ocrx_word' id='word_1_76' title='bbox 1115 753 1271 793; x_wconf 89' lang='lat' dir='ltr'><strong>tradunt</strong></span> <span class='ocrx_word' id='word_1_77' title='bbox 1299 753 1349 793; x_wconf 94' lang='lat' dir='ltr'><strong>ob</strong></span> <span class='ocrx_word' id='word_1_78' title='bbox 1368 754 1406 794; x_wconf 85' lang='lat' dir='ltr'><strong>id</strong></span> <span class='ocrx_word' id='word_1_79' title='bbox 1421 759 1572 795; x_wconf 85' lang='lat' dir='ltr'><strong>tantum</strong></span> 
     </span>
    </p>
   </div>
   <div class='ocr_carea' id='block_1_3' title="bbox 153 809 1643 866">
    <p class='ocr_par' dir='ltr' id='par_1_3' title="bbox 153 809 1643 866">
     <span class='ocr_line' id='line_1_11' title="bbox 153 809 1643 866; baseline 0.005 -17"><span class='ocrx_word' id='word_1_80' title='bbox 153 811 267 859; x_wconf 88' lang='lat' dir='ltr'><strong>quod,</strong></span> <span class='ocrx_word' id='word_1_81' title='bbox 294 822 385 850; x_wconf 90' lang='lat' dir='ltr'><strong>cum</strong></span> <span class='ocrx_word' id='word_1_82' title='bbox 403 809 559 861; x_wconf 87' lang='lat' dir='ltr'><strong>sapiens</strong></span> <span class='ocrx_word' id='word_1_83' title='bbox 577 815 691 859; x_wconf 64' lang='lat' dir='ltr'><strong>esset,</strong></span> <span class='ocrx_word' id='word_1_84' title='bbox 720 810 908 851; x_wconf 79' lang='lat' dir='ltr'><strong>feritatem</strong></span> <span class='ocrx_word' id='word_1_85' title='bbox 937 824 1073 851; x_wconf 90' lang='lat' dir='ltr'><strong>eorum</strong></span> <span class='ocrx_word' id='word_1_86' title='bbox 1101 817 1140 852; x_wconf 89' lang='lat' dir='ltr'><strong>et</strong></span> <span class='ocrx_word' id='word_1_87' title='bbox 1163 812 1324 853; x_wconf 81' lang='lat' dir='ltr'><strong>nimiam</strong></span> <span class='ocrx_word' id='word_1_88' title='bbox 1342 812 1570 866; x_wconf 84' lang='lat' dir='ltr'><strong>imperitiam</strong></span> <span class='ocrx_word' id='word_1_89' title='bbox 1593 819 1643 858; x_wconf 87' lang='lat'><strong>10</strong></span> 
     </span>
    </p>
   </div>
   <div class='ocr_carea' id='block_1_4' title="bbox 151 868 1570 1395">
    <p class='ocr_par' dir='ltr' id='par_1_4' title="bbox 151 868 1144 922">
     <span class='ocr_line' id='line_1_12' title="bbox 151 868 1144 922; baseline 0.003 -14"><span class='ocrx_word' id='word_1_90' title='bbox 151 869 200 909; x_wconf 89' lang='lat' dir='ltr'><strong>ad</strong></span> <span class='ocrx_word' id='word_1_91' title='bbox 227 868 511 909; x_wconf 81' lang='lat' dir='ltr'><strong>humanitatem</strong></span> <span class='ocrx_word' id='word_1_92' title='bbox 539 874 578 909; x_wconf 90' lang='lat' dir='ltr'><strong>et</strong></span> <span class='ocrx_word' id='word_1_93' title='bbox 604 868 806 909; x_wconf 88' lang='lat' dir='ltr'><strong>scientiam</strong></span> <span class='ocrx_word' id='word_1_94' title='bbox 834 871 1144 922; x_wconf 86' lang='lat' dir='ltr'><strong>transfigurabat.</strong></span> 
     </span>
    </p>

    <p class='ocr_par' dir='ltr' id='par_1_5' title="bbox 206 927 1570 1039">
     <span class='ocr_line' id='line_1_13' title="bbox 206 927 1570 979; baseline 0.004 -11"><span class='ocrx_word' id='word_1_95' title='bbox 206 927 492 968; x_wconf 81' lang='lat' dir='ltr'><strong>‘Silvestres’</strong></span> <span class='ocrx_word' id='word_1_96' title='bbox 511 940 666 979; x_wconf 91' lang='lat' dir='ltr'><strong>quoque</strong></span> <span class='ocrx_word' id='word_1_97' title='bbox 684 933 727 968; x_wconf 91' lang='lat' dir='ltr'><strong>ut</strong></span> <span class='ocrx_word' id='word_1_98' title='bbox 745 928 798 969; x_wconf 90' lang='lat' dir='ltr'><strong>ait</strong></span> <span class='ocrx_word' id='word_1_99' title='bbox 812 928 981 978; x_wconf 82' lang='lat' dir='ltr'><strong>Oratius,</strong></span> <span class='ocrx_word' id='word_1_100' title='bbox 1009 929 1241 971; x_wconf 83' lang='lat' dir='ltr'><strong>‘homines</strong></span> <span class='ocrx_word' id='word_1_101' title='bbox 1270 944 1402 972; x_wconf 89' lang='lat' dir='ltr'><strong>sacer</strong></span> <span class='ocrx_word' id='word_1_102' title='bbox 1429 932 1570 973; x_wconf 88' lang='lat' dir='ltr'><strong>inter·</strong></span> 
     </span>
     <span class='ocr_line' id='line_1_14' title="bbox 434 988 859 1039; baseline 0.002 -13"><span class='ocrx_word' id='word_1_103' title='bbox 434 999 639 1039; x_wconf 88' lang='lat' dir='ltr'><strong>presque</strong></span> <span class='ocrx_word' id='word_1_104' title='bbox 666 988 859 1028; x_wconf 90' lang='lat' dir='ltr'><strong>deorum</strong></span> 
     </span>
    </p>

    <p class='ocr_par' dir='ltr' id='par_1_6' title="bbox 204 1045 1446 1395">
     <span class='ocr_line' id='line_1_15' title="bbox 204 1045 1305 1100; baseline 0.004 -15"><span class='ocrx_word' id='word_1_105' title='bbox 204 1045 411 1086; x_wconf 89' lang='lat' dir='ltr'><strong>Cedibus</strong></span> <span class='ocrx_word' id='word_1_106' title='bbox 439 1051 484 1086; x_wconf 90' lang='lat' dir='ltr'><strong>et</strong></span> <span class='ocrx_word' id='word_1_107' title='bbox 511 1047 643 1086; x_wconf 90' lang='lat' dir='ltr'><strong>uictu</strong></span> <span class='ocrx_word' id='word_1_108' title='bbox 671 1047 778 1087; x_wconf 79' lang='lat' dir='ltr'><strong>fedo</strong></span> <span class='ocrx_word' id='word_1_109' title='bbox 805 1046 1041 1087; x_wconf 89' lang='lat' dir='ltr'><strong>deterruit</strong></span> <span class='ocrx_word' id='word_1_110' title='bbox 1067 1048 1305 1100; x_wconf 91' lang='lat' dir='ltr'><strong>Orpheus,</strong></span> 
     </span>
     <span class='ocr_line' id='line_1_16' title="bbox 204 1104 1446 1159; baseline 0.004 -15"><span class='ocrx_word' id='word_1_111' title='bbox 204 1104 370 1145; x_wconf 87' lang='lat' dir='ltr'><strong>Dictus</strong></span> <span class='ocrx_word' id='word_1_112' title='bbox 397 1105 455 1145; x_wconf 91' lang='lat' dir='ltr'><strong>ob</strong></span> <span class='ocrx_word' id='word_1_113' title='bbox 482 1105 570 1145; x_wconf 91' lang='lat' dir='ltr'><strong>hoc</strong></span> <span class='ocrx_word' id='word_1_114' title='bbox 595 1106 749 1146; x_wconf 86' lang='lat' dir='ltr'><strong>lenire</strong></span> <span class='ocrx_word' id='word_1_115' title='bbox 776 1106 921 1157; x_wconf 81' lang='lat' dir='ltr'><strong>tigres</strong></span> <span class='ocrx_word' id='word_1_116' title='bbox 949 1107 1243 1159; x_wconf 76' lang='lat' dir='ltr'><strong>rabidosque</strong></span> <span class='ocrx_word' id='word_1_117' title='bbox 1270 1109 1446 1157; x_wconf 90' lang='lat' dir='ltr'><strong>leones,</strong></span> 
     </span>
     <span class='ocr_line' id='line_1_17' title="bbox 208 1164 1368 1216; baseline 0.003 -12"><span class='ocrx_word' id='word_1_118' title='bbox 208 1164 373 1204; x_wconf 86' lang='lat' dir='ltr'><strong>Dictus</strong></span> <span class='ocrx_word' id='word_1_119' title='bbox 401 1170 445 1204; x_wconf 91' lang='lat' dir='ltr'><strong>et</strong></span> <span class='ocrx_word' id='word_1_120' title='bbox 471 1164 725 1216; x_wconf 87' lang='lat' dir='ltr'><strong>Amphion,</strong></span> <span class='ocrx_word' id='word_1_121' title='bbox 754 1165 944 1206; x_wconf 88' lang='lat' dir='ltr'><strong>Tebane</strong></span> <span class='ocrx_word' id='word_1_122' title='bbox 971 1167 1190 1206; x_wconf 86' lang='lat' dir='ltr'><strong>conditor</strong></span> <span class='ocrx_word' id='word_1_123' title='bbox 1218 1167 1368 1216; x_wconf 85' lang='lat' dir='ltr'><strong>urbis,</strong></span> 
     </span>
     <span class='ocr_line' id='line_1_18' title="bbox 212 1223 1431 1277; baseline 0.004 -15"><span class='ocrx_word' id='word_1_124' title='bbox 212 1223 349 1263; x_wconf 86' lang='lat' dir='ltr'><strong>Saxa</strong></span> <span class='ocrx_word' id='word_1_125' title='bbox 372 1236 563 1263; x_wconf 85' lang='lat' dir='ltr'><strong>mouere</strong></span> <span class='ocrx_word' id='word_1_126' title='bbox 590 1237 705 1264; x_wconf 90' lang='lat' dir='ltr'><strong>sono</strong></span> <span class='ocrx_word' id='word_1_127' title='bbox 733 1224 993 1265; x_wconf 88' lang='lat' dir='ltr'><strong>testudinis</strong></span> <span class='ocrx_word' id='word_1_128' title='bbox 1022 1230 1066 1265; x_wconf 89' lang='lat' dir='ltr'><strong>et</strong></span> <span class='ocrx_word' id='word_1_129' title='bbox 1093 1239 1231 1277; x_wconf 86' lang='lat' dir='ltr'><strong>prece</strong></span> <span class='ocrx_word' id='word_1_130' title='bbox 1257 1227 1431 1267; x_wconf 90' lang='lat' dir='ltr'><strong>blanda</strong></span> 
     </span>
     <span class='ocr_line' id='line_1_19' title="bbox 206 1283 1439 1338; baseline 0.004 -16"><span class='ocrx_word' id='word_1_131' title='bbox 206 1283 389 1323; x_wconf 89' lang='lat' dir='ltr'><strong>Ducere</strong></span> <span class='ocrx_word' id='word_1_132' title='bbox 416 1296 506 1334; x_wconf 90' lang='lat' dir='ltr'><strong>quo</strong></span> <span class='ocrx_word' id='word_1_133' title='bbox 533 1284 704 1324; x_wconf 67' lang='lat' dir='ltr'><strong>uellet?</strong></span> <span class='ocrx_word' id='word_1_134' title='bbox 758 1284 858 1324; x_wconf 87' lang='lat' dir='ltr'><strong>Nam</strong></span> <span class='ocrx_word' id='word_1_135' title='bbox 886 1284 1008 1333; x_wconf 88' lang='lat' dir='ltr'><strong>initio,</strong></span> <span class='ocrx_word' id='word_1_136' title='bbox 1036 1290 1080 1324; x_wconf 93' lang='lat' dir='ltr'><strong>ut</strong></span> <span class='ocrx_word' id='word_1_137' title='bbox 1106 1285 1207 1325; x_wconf 90' lang='lat' dir='ltr'><strong>idem</strong></span> <span class='ocrx_word' id='word_1_138' title='bbox 1236 1286 1289 1326; x_wconf 87' lang='lat' dir='ltr'><strong>ait</strong></span> <span class='ocrx_word' id='word_1_139' title='bbox 1316 1292 1439 1338; x_wconf 86' lang='lat' dir='ltr'><strong>poeta,</strong></span> 
     </span>
     <span class='ocr_line' id='line_1_20' title="bbox 207 1342 1351 1395; baseline 0.003 -14"><span class='ocrx_word' id='word_1_140' title='bbox 207 1342 335 1382; x_wconf 73' lang='lat' dir='ltr'><strong>‘Cum</strong></span> <span class='ocrx_word' id='word_1_141' title='bbox 363 1348 716 1394; x_wconf 87' lang='lat' dir='ltr'><strong>prorepserunt</strong></span> <span class='ocrx_word' id='word_1_142' title='bbox 743 1344 909 1395; x_wconf 92' lang='lat' dir='ltr'><strong>primis</strong></span> <span class='ocrx_word' id='word_1_143' title='bbox 937 1344 1165 1384; x_wconf 86' lang='lat' dir='ltr'><strong>animalia</strong></span> <span class='ocrx_word' id='word_1_144' title='bbox 1191 1346 1351 1393; x_wconf 90' lang='lat' dir='ltr'><strong>terris,</strong></span> 
     </span>
    </p>
   </div>
   <div class='ocr_carea' id='block_1_5' title="bbox 1593 1113 1641 1152">
    <p class='ocr_par' dir='ltr' id='par_1_7' title="bbox 1593 1113 1641 1152">
     <span class='ocr_line' id='line_1_21' title="bbox 1593 1113 1641 1152; baseline 0 0"><span class='ocrx_word' id='word_1_145' title='bbox 1593 1113 1641 1152; x_wconf 83' lang='lat'><strong>15</strong></span> 
     </span>
    </p>
   </div>
   <div class='ocr_carea' id='block_1_6' title="bbox 206 1402 1645 1458">
    <p class='ocr_par' dir='ltr' id='par_1_8' title="bbox 206 1402 1645 1458">
     <span class='ocr_line' id='line_1_22' title="bbox 206 1402 1645 1458; baseline 0.004 -17"><span class='ocrx_word' id='word_1_146' title='bbox 206 1402 386 1441; x_wconf 83' lang='lat' dir='ltr'><strong>Mutum</strong></span> <span class='ocrx_word' id='word_1_147' title='bbox 415 1407 460 1442; x_wconf 86' lang='lat' dir='ltr'><strong>et</strong></span> <span class='ocrx_word' id='word_1_148' title='bbox 478 1407 618 1454; x_wconf 88' lang='lat' dir='ltr'><strong>turpe</strong></span> <span class='ocrx_word' id='word_1_149' title='bbox 635 1416 778 1454; x_wconf 87' lang='lat' dir='ltr'><strong>pecus</strong></span> <span class='ocrx_word' id='word_1_150' title='bbox 796 1404 1014 1455; x_wconf 80' lang='lat' dir='ltr'><strong>glandem</strong></span> <span class='ocrx_word' id='word_1_151' title='bbox 1035 1409 1172 1455; x_wconf 88' lang='lat' dir='ltr'><strong>atque</strong></span> <span class='ocrx_word' id='word_1_152' title='bbox 1191 1404 1365 1445; x_wconf 87' lang='lat' dir='ltr'><strong>cubilia</strong></span> <span class='ocrx_word' id='word_1_153' title='bbox 1383 1411 1574 1458; x_wconf 88' lang='lat' dir='ltr'><strong>propter</strong></span> <span class='ocrx_word' id='word_1_154' title='bbox 1591 1409 1645 1448; x_wconf 76' lang='lat'><strong>20</strong></span> 
     </span>
    </p>
   </div>
   <div class='ocr_carea' id='block_1_7' title="bbox 157 1460 1575 1990">
    <p class='ocr_par' dir='ltr' id='par_1_9' title="bbox 207 1460 1574 1752">
     <span class='ocr_line' id='line_1_23' title="bbox 207 1460 1574 1516; baseline 0.004 -16"><span class='ocrx_word' id='word_1_155' title='bbox 207 1460 463 1512; x_wconf 81' lang='lat' dir='ltr'><strong>Unguibus</strong></span> <span class='ocrx_word' id='word_1_156' title='bbox 490 1467 535 1501; x_wconf 89' lang='lat' dir='ltr'><strong>et</strong></span> <span class='ocrx_word' id='word_1_157' title='bbox 562 1462 752 1514; x_wconf 82' lang='lat' dir='ltr'><strong>pugnis,</strong></span> <span class='ocrx_word' id='word_1_158' title='bbox 781 1462 891 1502; x_wconf 90' lang='lat' dir='ltr'><strong>dein</strong></span> <span class='ocrx_word' id='word_1_159' title='bbox 922 1463 1153 1512; x_wconf 85' lang='lat' dir='ltr'><strong>fustibus,</strong></span> <span class='ocrx_word' id='word_1_160' title='bbox 1180 1469 1319 1515; x_wconf 89' lang='lat' dir='ltr'><strong>atque</strong></span> <span class='ocrx_word' id='word_1_161' title='bbox 1345 1464 1409 1504; x_wconf 90' lang='lat' dir='ltr'><strong>ita</strong></span> <span class='ocrx_word' id='word_1_162' title='bbox 1435 1478 1574 1516; x_wconf 91' lang='lat' dir='ltr'><strong>porro</strong></span> 
     </span>
     <span class='ocr_line' id='line_1_24' title="bbox 208 1519 1435 1573; baseline 0.003 -14"><span class='ocrx_word' id='word_1_163' title='bbox 208 1519 493 1571; x_wconf 88' lang='lat' dir='ltr'><strong>Pugnabant</strong></span> <span class='ocrx_word' id='word_1_164' title='bbox 521 1521 664 1561; x_wconf 85' lang='lat' dir='ltr'><strong>armis</strong></span> <span class='ocrx_word' id='word_1_165' title='bbox 692 1534 784 1572; x_wconf 92' lang='lat' dir='ltr'><strong>que</strong></span> <span class='ocrx_word' id='word_1_166' title='bbox 811 1527 919 1573; x_wconf 92' lang='lat' dir='ltr'><strong>post</strong></span> <span class='ocrx_word' id='word_1_167' title='bbox 946 1522 1277 1563; x_wconf 73' lang='lat' dir='ltr'><strong>fabricauerat</strong></span> <span class='ocrx_word' id='word_1_168' title='bbox 1304 1536 1435 1573; x_wconf 88' lang='lat' dir='ltr'><strong>usus,</strong></span> 
     </span>
     <span class='ocr_line' id='line_1_25' title="bbox 208 1579 1461 1633; baseline 0.003 -14"><span class='ocrx_word' id='word_1_169' title='bbox 208 1579 371 1619; x_wconf 91' lang='lat' dir='ltr'><strong>Donec</strong></span> <span class='ocrx_word' id='word_1_170' title='bbox 398 1580 550 1620; x_wconf 85' lang='lat' dir='ltr'><strong>uerba</strong></span> <span class='ocrx_word' id='word_1_171' title='bbox 577 1579 751 1631; x_wconf 90' lang='lat' dir='ltr'><strong>quibus</strong></span> <span class='ocrx_word' id='word_1_172' title='bbox 780 1594 928 1621; x_wconf 88' lang='lat' dir='ltr'><strong>uoces</strong></span> <span class='ocrx_word' id='word_1_173' title='bbox 956 1594 1219 1633; x_wconf 88' lang='lat' dir='ltr'><strong>sensusque</strong></span> <span class='ocrx_word' id='word_1_174' title='bbox 1245 1588 1461 1623; x_wconf 88' lang='lat' dir='ltr'><strong>notarent</strong></span> 
     </span>
     <span class='ocr_line' id='line_1_26' title="bbox 207 1639 1424 1692; baseline 0.003 -14"><span class='ocrx_word' id='word_1_175' title='bbox 207 1639 504 1691; x_wconf 88' lang='lat' dir='ltr'><strong>Nominaque</strong></span> <span class='ocrx_word' id='word_1_176' title='bbox 530 1640 786 1689; x_wconf 78' lang='lat' dir='ltr'><strong>inuenere3</strong></span> <span class='ocrx_word' id='word_1_177' title='bbox 815 1640 986 1682; x_wconf 90' lang='lat' dir='ltr'><strong>dehinc</strong></span> <span class='ocrx_word' id='word_1_178' title='bbox 1013 1641 1247 1682; x_wconf 86' lang='lat' dir='ltr'><strong>absistere</strong></span> <span class='ocrx_word' id='word_1_179' title='bbox 1274 1642 1424 1692; x_wconf 89' lang='lat' dir='ltr'><strong>bello,</strong></span> 
     </span>
     <span class='ocr_line' id='line_1_27' title="bbox 209 1698 1308 1752; baseline 0.003 -14"><span class='ocrx_word' id='word_1_180' title='bbox 209 1698 389 1750; x_wconf 88' lang='lat' dir='ltr'><strong>Oppida</strong></span> <span class='ocrx_word' id='word_1_181' title='bbox 415 1705 644 1751; x_wconf 88' lang='lat' dir='ltr'><strong>ceperunt</strong></span> <span class='ocrx_word' id='word_1_182' title='bbox 670 1700 855 1740; x_wconf 89' lang='lat' dir='ltr'><strong>munire</strong></span> <span class='ocrx_word' id='word_1_183' title='bbox 882 1706 926 1740; x_wconf 88' lang='lat' dir='ltr'><strong>et</strong></span> <span class='ocrx_word' id='word_1_184' title='bbox 953 1714 1131 1752; x_wconf 89' lang='lat' dir='ltr'><strong>ponere</strong></span> <span class='ocrx_word' id='word_1_185' title='bbox 1156 1701 1308 1752; x_wconf 90' lang='lat' dir='ltr'><strong>leges,</strong></span> 
     </span>
    </p>

    <p class='ocr_par' dir='ltr' id='par_1_10' title="bbox 157 1758 1575 1990">
     <span class='ocr_line' id='line_1_28' title="bbox 209 1758 1414 1811; baseline 0.002 -14"><span class='ocrx_word' id='word_1_186' title='bbox 209 1758 274 1797; x_wconf 90' lang='lat' dir='ltr'><strong>Ne</strong></span> <span class='ocrx_word' id='word_1_187' title='bbox 301 1758 404 1809; x_wconf 91' lang='lat' dir='ltr'><strong>quis</strong></span> <span class='ocrx_word' id='word_1_188' title='bbox 432 1758 504 1798; x_wconf 80' lang='lat' dir='ltr'><strong>fur</strong></span> <span class='ocrx_word' id='word_1_189' title='bbox 531 1764 656 1799; x_wconf 88' lang='lat' dir='ltr'><strong>esset</strong></span> <span class='ocrx_word' id='word_1_190' title='bbox 683 1773 772 1799; x_wconf 90' lang='lat' dir='ltr'><strong>neu</strong></span> <span class='ocrx_word' id='word_1_191' title='bbox 801 1761 923 1800; x_wconf 90' lang='lat' dir='ltr'><strong>latro</strong></span> <span class='ocrx_word' id='word_1_192' title='bbox 951 1773 1039 1800; x_wconf 89' lang='lat' dir='ltr'><strong>neu</strong></span> <span class='ocrx_word' id='word_1_193' title='bbox 1068 1760 1176 1811; x_wconf 88' lang='lat' dir='ltr'><strong>quis</strong></span> <span class='ocrx_word' id='word_1_194' title='bbox 1204 1761 1414 1801; x_wconf 65' lang='lat' dir='ltr'><strong>adulter?</strong></span> 
     </span>
     <span class='ocr_line' id='line_1_29' title="bbox 157 1817 1574 1872; baseline 0.003 -15"><span class='ocrx_word' id='word_1_195' title='bbox 157 1817 337 1857; x_wconf 87' lang='lat' dir='ltr'><strong>Ceterum</strong></span> <span class='ocrx_word' id='word_1_196' title='bbox 364 1823 495 1858; x_wconf 86' lang='lat' dir='ltr'><strong>autem</strong></span> <span class='ocrx_word' id='word_1_197' title='bbox 522 1819 680 1869; x_wconf 87' lang='lat' dir='ltr'><strong>quidam</strong></span> <span class='ocrx_word' id='word_1_198' title='bbox 716 1832 765 1859; x_wconf 82' lang='lat' dir='ltr'><strong>ex</strong></span> <span class='ocrx_word' id='word_1_199' title='bbox 793 1819 929 1859; x_wconf 84' lang='lat' dir='ltr'><strong>vestris</strong></span> <span class='ocrx_word' id='word_1_200' title='bbox 966 1819 1164 1871; x_wconf 87' lang='lat' dir='ltr'><strong>prophetis</strong></span> <span class='ocrx_word' id='word_1_201' title='bbox 1201 1832 1249 1860; x_wconf 84' lang='lat' dir='ltr'><strong>ex</strong></span> <span class='ocrx_word' id='word_1_202' title='bbox 1291 1820 1362 1860; x_wconf 86' lang='lat' dir='ltr'><strong>celi</strong></span> <span class='ocrx_word' id='word_1_203' title='bbox 1398 1825 1574 1872; x_wconf 88' lang='lat' dir='ltr'><strong>terreque</strong></span> 
     </span>
     <span class='ocr_line' id='line_1_30' title="bbox 157 1876 1574 1931; baseline 0.003 -16"><span class='ocrx_word' id='word_1_204' title='bbox 157 1876 447 1927; x_wconf 81' lang='lat' dir='ltr'><strong>compositione,</strong></span> <span class='ocrx_word' id='word_1_205' title='bbox 474 1890 522 1917; x_wconf 86' lang='lat' dir='ltr'><strong>ex</strong></span> <span class='ocrx_word' id='word_1_206' title='bbox 549 1877 829 1918; x_wconf 88' lang='lat' dir='ltr'><strong>elementorum</strong></span> <span class='ocrx_word' id='word_1_207' title='bbox 850 1878 1030 1918; x_wconf 83' lang='lat' dir='ltr'><strong>concordi</strong></span> <span class='ocrx_word' id='word_1_208' title='bbox 1057 1878 1259 1928; x_wconf 84' lang='lat' dir='ltr'><strong>discordia,</strong></span> <span class='ocrx_word' id='word_1_209' title='bbox 1288 1892 1337 1919; x_wconf 87' lang='lat' dir='ltr'><strong>ex</strong></span> <span class='ocrx_word' id='word_1_210' title='bbox 1355 1883 1574 1931; x_wconf 87' lang='lat' dir='ltr'><strong>temporum</strong></span> 
     </span>
     <span class='ocr_line' id='line_1_31' title="bbox 157 1935 1575 1990; baseline 0.004 -16"><span class='ocrx_word' id='word_1_211' title='bbox 157 1935 422 1976; x_wconf 87' lang='lat' dir='ltr'><strong>uicissitudine</strong></span> <span class='ocrx_word' id='word_1_212' title='bbox 456 1937 775 1989; x_wconf 82' lang='lat' dir='ltr'><strong>planetarumque</strong></span> <span class='ocrx_word' id='word_1_213' title='bbox 811 1943 921 1978; x_wconf 91' lang='lat' dir='ltr'><strong>motu</strong></span> <span class='ocrx_word' id='word_1_214' title='bbox 948 1939 1066 1978; x_wconf 90' lang='lat' dir='ltr'><strong>deum</strong></span> <span class='ocrx_word' id='word_1_215' title='bbox 1093 1951 1179 1979; x_wconf 58' lang='lat' dir='ltr'><strong>esse</strong></span> <span class='ocrx_word' id='word_1_216' title='bbox 1217 1938 1283 1989; x_wconf 92' lang='lat' dir='ltr'><strong>qui</strong></span> <span class='ocrx_word' id='word_1_217' title='bbox 1318 1938 1391 1979; x_wconf 88' lang='lat' dir='ltr'><strong>hec</strong></span> <span class='ocrx_word' id='word_1_218' title='bbox 1427 1944 1575 1990; x_wconf 88' lang='lat' dir='ltr'><strong>regeret</strong></span> 
     </span>
    </p>
   </div>
   <div class='ocr_carea' id='block_1_8' title="bbox 1592 1705 1645 1745">
    <p class='ocr_par' dir='ltr' id='par_1_11' title="bbox 1592 1705 1645 1745">
     <span class='ocr_line' id='line_1_32' title="bbox 1592 1705 1645 1745; baseline 0 0"><span class='ocrx_word' id='word_1_219' title='bbox 1592 1705 1645 1745; x_wconf 74' lang='lat'><strong>25</strong></span> 
     </span>
    </p>
   </div>
   <div class='ocr_carea' id='block_1_9' title="bbox 158 1997 1647 2049">
    <p class='ocr_par' dir='ltr' id='par_1_12' title="bbox 158 1997 1647 2049">
     <span class='ocr_line' id='line_1_33' title="bbox 158 1997 1647 2049; baseline 0.003 -15"><span class='ocrx_word' id='word_1_220' title='bbox 158 2001 440 2047; x_wconf 80' lang='lat' dir='ltr'><strong>cognouerunt3</strong></span> <span class='ocrx_word' id='word_1_221' title='bbox 482 1997 550 2036; x_wconf 84' lang='lat' dir='ltr'><strong>sed</strong></span> <span class='ocrx_word' id='word_1_222' title='bbox 589 2009 679 2037; x_wconf 90' lang='lat' dir='ltr'><strong>cum</strong></span> <span class='ocrx_word' id='word_1_223' title='bbox 718 1997 981 2048; x_wconf 88' lang='lat' dir='ltr'><strong>agnouissent,</strong></span> <span class='ocrx_word' id='word_1_224' title='bbox 1022 2011 1102 2037; x_wconf 89' lang='lat' dir='ltr'><strong>non</strong></span> <span class='ocrx_word' id='word_1_225' title='bbox 1141 1998 1243 2038; x_wconf 89' lang='lat' dir='ltr'><strong>sicut</strong></span> <span class='ocrx_word' id='word_1_226' title='bbox 1282 1998 1397 2038; x_wconf 87' lang='lat' dir='ltr'><strong>deum</strong></span> <span class='ocrx_word' id='word_1_227' title='bbox 1435 1998 1573 2049; x_wconf 83' lang='lat' dir='ltr'><strong>glorifi-</strong></span> <span class='ocrx_word' id='word_1_228' title='bbox 1592 2000 1647 2039; x_wconf 84' lang='lat'><strong>30</strong></span> 
     </span>
    </p>
   </div>
   <div class='ocr_carea' id='block_1_10' title="bbox 159 2055 1575 2286">
    <p class='ocr_par' dir='ltr' id='par_1_13' title="bbox 159 2055 1575 2286">
     <span class='ocr_line' id='line_1_34' title="bbox 159 2055 1575 2109; baseline 0.003 -16"><span class='ocrx_word' id='word_1_229' title='bbox 159 2060 358 2102; x_wconf 85' lang='lat' dir='ltr'><strong>cauerunt,</strong></span> <span class='ocrx_word' id='word_1_230' title='bbox 398 2056 467 2095; x_wconf 86' lang='lat' dir='ltr'><strong>sed</strong></span> <span class='ocrx_word' id='word_1_231' title='bbox 503 2061 747 2096; x_wconf 88' lang='lat' dir='ltr'><strong>euanuerunt</strong></span> <span class='ocrx_word' id='word_1_232' title='bbox 787 2055 828 2096; x_wconf 92' lang='lat' dir='ltr'><strong>in</strong></span> <span class='ocrx_word' id='word_1_233' title='bbox 866 2056 1159 2108; x_wconf 87' lang='lat' dir='ltr'><strong>cogitationibus</strong></span> <span class='ocrx_word' id='word_1_234' title='bbox 1196 2057 1288 2105; x_wconf 84' lang='lat' dir='ltr'><strong>suis,</strong></span> <span class='ocrx_word' id='word_1_235' title='bbox 1325 2062 1364 2097; x_wconf 89' lang='lat' dir='ltr'><strong>et</strong></span> <span class='ocrx_word' id='word_1_236' title='bbox 1389 2056 1575 2109; x_wconf 88' lang='lat' dir='ltr'><strong>insipiens</strong></span> 
     </span>
     <span class='ocr_line' id='line_1_35' title="bbox 159 2113 1573 2168; baseline 0.002 -15"><span class='ocrx_word' id='word_1_237' title='bbox 159 2113 303 2153; x_wconf 81' lang='lat' dir='ltr'><strong>factum</strong></span> <span class='ocrx_word' id='word_1_238' title='bbox 331 2119 390 2154; x_wconf 60' lang='lat' dir='ltr'><strong>est</strong></span> <span class='ocrx_word' id='word_1_239' title='bbox 407 2127 473 2154; x_wconf 88' lang='lat' dir='ltr'><strong>cor</strong></span> <span class='ocrx_word' id='word_1_240' title='bbox 491 2115 656 2163; x_wconf 82' lang='lat' dir='ltr'><strong>illorum,</strong></span> <span class='ocrx_word' id='word_1_241' title='bbox 684 2116 899 2156; x_wconf 87' lang='lat' dir='ltr'><strong>seruientes</strong></span> <span class='ocrx_word' id='word_1_242' title='bbox 918 2117 1045 2168; x_wconf 90' lang='lat' dir='ltr'><strong>potius</strong></span> <span class='ocrx_word' id='word_1_243' title='bbox 1065 2121 1239 2156; x_wconf 85' lang='lat' dir='ltr'><strong>creature</strong></span> <span class='ocrx_word' id='word_1_244' title='bbox 1266 2129 1383 2167; x_wconf 88' lang='lat' dir='ltr'><strong>quam</strong></span> <span class='ocrx_word' id='word_1_245' title='bbox 1401 2116 1573 2157; x_wconf 86' lang='lat' dir='ltr'><strong>creatori.</strong></span> 
     </span>
     <span class='ocr_line' id='line_1_36' title="bbox 159 2172 1573 2227; baseline 0.002 -15"><span class='ocrx_word' id='word_1_246' title='bbox 159 2172 204 2212; x_wconf 91' lang='lat' dir='ltr'><strong>In</strong></span> <span class='ocrx_word' id='word_1_247' title='bbox 234 2173 391 2224; x_wconf 87' lang='lat' dir='ltr'><strong>angelos</strong></span> <span class='ocrx_word' id='word_1_248' title='bbox 419 2174 608 2225; x_wconf 90' lang='lat' dir='ltr'><strong>siquidem</strong></span> <span class='ocrx_word' id='word_1_249' title='bbox 628 2176 813 2227; x_wconf 88' lang='lat' dir='ltr'><strong>reprobos</strong></span> <span class='ocrx_word' id='word_1_250' title='bbox 841 2175 1072 2224; x_wconf 89' lang='lat' dir='ltr'><strong>inciderunt,</strong></span> <span class='ocrx_word' id='word_1_251' title='bbox 1101 2189 1168 2216; x_wconf 93' lang='lat' dir='ltr'><strong>eos</strong></span> <span class='ocrx_word' id='word_1_252' title='bbox 1195 2188 1265 2227; x_wconf 89' lang='lat' dir='ltr'><strong>pro</strong></span> <span class='ocrx_word' id='word_1_253' title='bbox 1292 2176 1366 2215; x_wconf 88' lang='lat' dir='ltr'><strong>deo</strong></span> <span class='ocrx_word' id='word_1_254' title='bbox 1393 2176 1573 2224; x_wconf 89' lang='lat' dir='ltr'><strong>colentes,</strong></span> 
     </span>
     <span class='ocr_line' id='line_1_37' title="bbox 161 2231 1575 2286; baseline 0.004 -15"><span class='ocrx_word' id='word_1_255' title='bbox 161 2231 481 2284; x_wconf 88' lang='lat' dir='ltr'><strong>diuersorumque</strong></span> <span class='ocrx_word' id='word_1_256' title='bbox 508 2234 715 2274; x_wconf 82' lang='lat' dir='ltr'><strong>extiterunt</strong></span> <span class='ocrx_word' id='word_1_257' title='bbox 743 2239 919 2275; x_wconf 59' lang='lat' dir='ltr'><strong>auctores</strong></span> <span class='ocrx_word' id='word_1_258' title='bbox 946 2248 1133 2284; x_wconf 87' lang='lat' dir='ltr'><strong>errorum,</strong></span> <span class='ocrx_word' id='word_1_259' title='bbox 1162 2236 1255 2275; x_wconf 91' lang='lat' dir='ltr'><strong>dum</strong></span> <span class='ocrx_word' id='word_1_260' title='bbox 1283 2234 1445 2286; x_wconf 90' lang='lat' dir='ltr'><strong>quisque</strong></span> <span class='ocrx_word' id='word_1_261' title='bbox 1472 2235 1575 2286; x_wconf 93' lang='lat' dir='ltr'><strong>quod</strong></span> 
     </span>
    </p>
   </div>
   <div class='ocr_carea' id='block_1_11' title="bbox 161 2328 327 2334">
    <p class='ocr_par' dir='ltr' id='par_1_14' title="bbox 161 2328 327 2334">
     <span class='ocr_line' id='line_1_38' title="bbox 161 2328 327 2334; baseline 0 0"><span class='ocrx_word' id='word_1_262' title='bbox 161 2328 327 2334; x_wconf 95' lang='lat' dir='ltr'><strong> </strong></span> 
     </span>
    </p>
   </div>
   <div class='ocr_carea' id='block_1_12' title="bbox 331 2329 443 2334">
    <p class='ocr_par' dir='ltr' id='par_1_15' title="bbox 331 2329 443 2334">
     <span class='ocr_line' id='line_1_39' title="bbox 331 2329 443 2334; baseline 0 0"><span class='ocrx_word' id='word_1_263' title='bbox 331 2329 443 2334; x_wconf 95' lang='lat' dir='ltr'><strong> </strong></span> 
     </span>
    </p>
   </div>
   <div class='ocr_carea' id='block_1_13' title="bbox 164 2386 1581 2742">
    <p class='ocr_par' dir='ltr' id='par_1_16' title="bbox 164 2386 1581 2742">
     <span class='ocr_line' id='line_1_40' title="bbox 280 2386 1574 2433; baseline 0.002 -12"><span class='ocrx_word' id='word_1_264' title='bbox 280 2386 303 2421; x_wconf 70' lang='grc' dir='ltr'><strong>Ξ</strong></span> <span class='ocrx_word' id='word_1_265' title='bbox 327 2387 373 2422; x_wconf 89' lang='lat' dir='ltr'><strong>ad</strong></span> <span class='ocrx_word' id='word_1_266' title='bbox 398 2386 631 2423; x_wconf 71' lang='lat' dir='ltr'><strong>iudicandum</strong></span> <span class='ocrx_word' id='word_1_267' title='bbox 651 2389 691 2423; x_wconf 91' lang='grc'><strong>0.</strong></span> <span class='ocrx_word' id='word_1_268' title='bbox 716 2406 762 2414; x_wconf 88' lang='lat'><strong>--</strong></span> <span class='ocrx_word' id='word_1_269' title='bbox 786 2390 809 2424; x_wconf 88' lang='lat'><strong>3</strong></span> <span class='ocrx_word' id='word_1_270' title='bbox 825 2388 927 2424; x_wconf 81' lang='lat' dir='ltr'><strong>&#39;runc</strong></span> <span class='ocrx_word' id='word_1_271' title='bbox 951 2389 1021 2424; x_wconf 82' lang='lat' dir='ltr'><strong>luc.</strong></span> <span class='ocrx_word' id='word_1_272' title='bbox 1039 2388 1171 2424; x_wconf 85' lang='lat' dir='ltr'><strong>vellem</strong></span> <span class='ocrx_word' id='word_1_273' title='bbox 1187 2391 1309 2424; x_wconf 86' lang='lat' dir='ltr'><strong>autem</strong></span> <span class='ocrx_word' id='word_1_274' title='bbox 1324 2387 1416 2424; x_wconf 84' lang='lat' dir='ltr'><strong>scire</strong></span> <span class='ocrx_word' id='word_1_275' title='bbox 1442 2388 1574 2433; x_wconf 73' lang='lat' dir='ltr'><strong>01²th</strong></span> 
     </span>
     <span class='ocr_line' id='line_1_41' title="bbox 164 2439 1574 2487; baseline 0.001 -13"><span class='ocrx_word' id='word_1_276' title='bbox 164 2459 210 2466; x_wconf 92' lang='lat'><strong>—</strong></span> <span class='ocrx_word' id='word_1_277' title='bbox 242 2439 305 2482; x_wconf 79' lang='grc'><strong>617</strong></span> <span class='ocrx_word' id='word_1_278' title='bbox 339 2451 368 2475; x_wconf 88' lang='lat' dir='ltr'><strong>r.</strong></span> <span class='ocrx_word' id='word_1_279' title='bbox 386 2451 418 2475; x_wconf 72' lang='lat' dir='ltr'><strong>a„</strong></span> <span class='ocrx_word' id='word_1_280' title='bbox 444 2440 564 2476; x_wconf 83' lang='lat' dir='ltr'><strong>nudus</strong></span> <span class='ocrx_word' id='word_1_281' title='bbox 587 2441 641 2483; x_wconf 74' lang='lat' dir='ltr'><strong>L:</strong></span> <span class='ocrx_word' id='word_1_282' title='bbox 675 2452 703 2477; x_wconf 89' lang='lat' dir='ltr'><strong>r.</strong></span> <span class='ocrx_word' id='word_1_283' title='bbox 729 2452 762 2477; x_wconf 87' lang='lat' dir='ltr'><strong>a.</strong></span> <span class='ocrx_word' id='word_1_284' title='bbox 786 2444 823 2477; x_wconf 91' lang='lat' dir='ltr'><strong>et</strong></span> <span class='ocrx_word' id='word_1_285' title='bbox 846 2442 966 2477; x_wconf 85' lang='lat' dir='ltr'><strong>nudus</strong></span> <span class='ocrx_word' id='word_1_286' title='bbox 995 2444 1033 2477; x_wconf 89' lang='lat' dir='ltr'><strong>et</strong></span> <span class='ocrx_word' id='word_1_287' title='bbox 1055 2445 1081 2477; x_wconf 83' lang='lat' dir='ltr'><strong>t.</strong></span> <span class='ocrx_word' id='word_1_288' title='bbox 1106 2452 1141 2487; x_wconf 89' lang='lat' dir='ltr'><strong>p.</strong></span> <span class='ocrx_word' id='word_1_289' title='bbox 1163 2442 1188 2477; x_wconf 88' lang='lat' dir='ltr'><strong>i.</strong></span> <span class='ocrx_word' id='word_1_290' title='bbox 1209 2442 1321 2477; x_wconf 82' lang='lat' dir='ltr'><strong>homo</strong></span> <span class='ocrx_word' id='word_1_291' title='bbox 1360 2442 1492 2486; x_wconf 82' lang='lat' dir='ltr'><strong>OPpV.</strong></span> <span class='ocrx_word' id='word_1_292' title='bbox 1529 2461 1574 2467; x_wconf 86' lang='lat'><strong>——</strong></span> 
     </span>
     <span class='ocr_line' id='line_1_42' title="bbox 167 2491 1576 2540; baseline 0.002 -14"><span class='ocrx_word' id='word_1_293' title='bbox 167 2491 213 2527; x_wconf 75' lang='lat'><strong>14</strong></span> <span class='ocrx_word' id='word_1_294' title='bbox 234 2492 381 2529; x_wconf 80' lang='lat' dir='ltr'><strong>sedibus</strong></span> <span class='ocrx_word' id='word_1_295' title='bbox 408 2494 542 2538; x_wconf 65' lang='lat' dir='ltr'><strong>ospV.</strong></span> <span class='ocrx_word' id='word_1_296' title='bbox 574 2514 619 2521; x_wconf 92' lang='lat'>—</span> <span class='ocrx_word' id='word_1_297' title='bbox 657 2495 701 2529; x_wconf 87' lang='lat'><strong>15</strong></span> <span class='ocrx_word' id='word_1_298' title='bbox 733 2495 949 2540; x_wconf 86' lang='lat' dir='ltr'><strong>rapidosque</strong></span> <span class='ocrx_word' id='word_1_299' title='bbox 981 2495 1024 2530; x_wconf 86' lang='lat' dir='ltr'><strong>L.</strong></span> <span class='ocrx_word' id='word_1_300' title='bbox 1058 2515 1103 2522; x_wconf 96' lang='lat'><strong>—</strong></span> <span class='ocrx_word' id='word_1_301' title='bbox 1136 2495 1181 2530; x_wconf 81' lang='lat'><strong>16</strong></span> <span class='ocrx_word' id='word_1_302' title='bbox 1204 2495 1298 2531; x_wconf 81' lang='lat' dir='ltr'><strong>arcis</strong></span> <span class='ocrx_word' id='word_1_303' title='bbox 1335 2495 1390 2530; x_wconf 72' lang='lat' dir='ltr'><strong>bei</strong></span> <span class='ocrx_word' id='word_1_304' title='bbox 1413 2495 1504 2530; x_wconf 83' lang='lat' dir='ltr'><strong>Hor.</strong></span> <span class='ocrx_word' id='word_1_305' title='bbox 1528 2512 1576 2520; x_wconf 90' lang='lat'>—</span> 
     </span>
     <span class='ocr_line' id='line_1_43' title="bbox 169 2544 1581 2592; baseline 0.001 -12"><span class='ocrx_word' id='word_1_306' title='bbox 169 2544 211 2579; x_wconf 84' lang='lat'><strong>17</strong></span> <span class='ocrx_word' id='word_1_307' title='bbox 235 2555 320 2581; x_wconf 87' lang='lat' dir='ltr'><strong>cum</strong></span> <span class='ocrx_word' id='word_1_308' title='bbox 343 2557 449 2592; x_wconf 88' lang='lat' dir='ltr'><strong>prece</strong></span> <span class='ocrx_word' id='word_1_309' title='bbox 476 2547 546 2589; x_wconf 86' lang='grc' dir='ltr'><strong>ΟΡ,</strong></span> <span class='ocrx_word' id='word_1_310' title='bbox 569 2550 607 2583; x_wconf 87' lang='lat' dir='ltr'><strong>et</strong></span> <span class='ocrx_word' id='word_1_311' title='bbox 628 2548 719 2592; x_wconf 68' lang='lat' dir='ltr'><strong>fehlt</strong></span> <span class='ocrx_word' id='word_1_312' title='bbox 744 2549 790 2584; x_wconf 87' lang='lat' dir='ltr'><strong>L.</strong></span> <span class='ocrx_word' id='word_1_313' title='bbox 816 2569 861 2575; x_wconf 84' lang='lat'><em>-</em></span> <span class='ocrx_word' id='word_1_314' title='bbox 887 2549 935 2584; x_wconf 73' lang='grc' dir='ltr'><strong>ΞΟ</strong></span> <span class='ocrx_word' id='word_1_315' title='bbox 958 2551 995 2584; x_wconf 88' lang='lat' dir='ltr'><strong>et</strong></span> <span class='ocrx_word' id='word_1_316' title='bbox 1018 2548 1100 2584; x_wconf 83' lang='lat' dir='ltr'><strong>cub.</strong></span> <span class='ocrx_word' id='word_1_317' title='bbox 1125 2549 1184 2583; x_wconf 71' lang='lat' dir='ltr'><strong>die</strong></span> <span class='ocrx_word' id='word_1_318' title='bbox 1199 2549 1285 2584; x_wconf 71' lang='grc' dir='ltr'><strong>Ηεε.</strong></span> <span class='ocrx_word' id='word_1_319' title='bbox 1309 2568 1356 2575; x_wconf 93' lang='grc'><strong>-</strong></span> <span class='ocrx_word' id='word_1_320' title='bbox 1380 2548 1421 2583; x_wconf 79' lang='lat'><strong>21</strong></span> <span class='ocrx_word' id='word_1_321' title='bbox 1446 2546 1581 2583; x_wconf 37' lang='lat' dir='ltr'><strong>deinde&gt;</strong></span> 
     </span>
     <span class='ocr_line' id='line_1_44' title="bbox 165 2597 1575 2645; baseline 0.001 -12"><span class='ocrx_word' id='word_1_322' title='bbox 165 2597 189 2632; x_wconf 79' lang='lat' dir='ltr'><strong>f.</strong></span> <span class='ocrx_word' id='word_1_323' title='bbox 215 2597 325 2643; x_wconf 78' lang='lat' dir='ltr'><strong>LpV,</strong></span> <span class='ocrx_word' id='word_1_324' title='bbox 359 2609 502 2636; x_wconf 91' lang='lat' dir='ltr'><strong>necnon</strong></span> <span class='ocrx_word' id='word_1_325' title='bbox 527 2600 551 2635; x_wconf 79' lang='lat' dir='ltr'><strong>f.</strong></span> <span class='ocrx_word' id='word_1_326' title='bbox 579 2600 610 2635; x_wconf 90' lang='grc' dir='ltr'><em>Ο</em></span> <span class='ocrx_word' id='word_1_327' title='bbox 643 2619 691 2626; x_wconf 90' lang='grc'><strong>-</strong></span> <span class='ocrx_word' id='word_1_328' title='bbox 723 2601 771 2637; x_wconf 74' lang='lat'><strong>24</strong></span> <span class='ocrx_word' id='word_1_329' title='bbox 802 2601 919 2637; x_wconf 80' lang='lat' dir='ltr'><strong>assist.</strong></span> <span class='ocrx_word' id='word_1_330' title='bbox 943 2602 1002 2637; x_wconf 78' lang='lat' dir='ltr'><strong>die</strong></span> <span class='ocrx_word' id='word_1_331' title='bbox 1025 2602 1111 2637; x_wconf 63' lang='lat' dir='ltr'><strong>Ha.</strong></span> <span class='ocrx_word' id='word_1_332' title='bbox 1148 2621 1190 2627; x_wconf 97' lang='lat'><strong>—</strong></span> <span class='ocrx_word' id='word_1_333' title='bbox 1225 2601 1273 2637; x_wconf 78' lang='lat'><strong>30</strong></span> <span class='ocrx_word' id='word_1_334' title='bbox 1296 2601 1359 2637; x_wconf 84' lang='lat' dir='ltr'><strong>sed</strong></span> <span class='ocrx_word' id='word_1_335' title='bbox 1382 2611 1467 2637; x_wconf 85' lang='lat' dir='ltr'><strong>cum</strong></span> <span class='ocrx_word' id='word_1_336' title='bbox 1492 2609 1575 2645; x_wconf 83' lang='lat' dir='ltr'><strong>agn.</strong></span> 
     </span>
     <span class='ocr_line' id='line_1_45' title="bbox 165 2651 415 2696; baseline 0.004 -10"><span class='ocrx_word' id='word_1_337' title='bbox 165 2651 254 2694; x_wconf 61' lang='lat' dir='ltr'><strong>fehlt</strong></span> <span class='ocrx_word' id='word_1_338' title='bbox 282 2652 415 2696; x_wconf 70' lang='grc' dir='ltr'>ΟῆιΥ.</span> 
     </span>
     <span class='ocr_line' id='line_1_46' title="bbox 1434 2714 1471 2742; baseline 0 -8"><span class='ocrx_word' id='word_1_339' title='bbox 1434 2714 1471 2742; x_wconf 69' lang='lat'><strong>70</strong></span> 
     </span>
    </p>
   </div>
  </div>
 </body>
</html>
