1800 2930
821 177 1095 216 -20-

255 305 401 393 Dum,
429 303 568 355 inquit,
592 309 646 352 tu,
675 317 698 344 o
723 303 930 343 illustrium
949 303 1123 342 uirorum
1142 306 1288 349 uertex,
1316 300 1431 341 hodie
1448 300 1545 340 hora
1562 313 1666 339 none

348 377 412 404 me
440 364 571 403 relicto
608 363 647 402 in
686 363 862 403 cubiculo
899 363 948 402 ad
982 361 1236 413 spaciandum
1270 360 1428 408 exisses,
1468 360 1565 398 forte
1599 371 1665 398 no-

254 429 378 464 strum
397 423 635 475 arripueram
653 423 837 471 libellum,
866 427 907 462 ut
926 421 1078 472 regulas
1105 421 1189 460 illas
1217 419 1453 460 astronomie
1480 418 1666 458 memorie

253 483 400 523 firmius
429 484 754 523 commendarem.
793 482 840 521 Et
867 494 954 521 ecce
982 482 1022 520 in
1051 481 1175 532 prima
1204 479 1297 520 facie
1324 479 1462 531 pagine
1490 491 1537 517 ex
1565 478 1664 518 aeris

199 545 224 583 5
251 542 519 582 immutatione
546 543 817 595 heurmatrem
844 554 973 581 meam
1002 553 1119 591 quam
1147 539 1259 579 unice
1279 538 1483 589 diligebam
1511 538 1665 577 defunc·

252 607 331 642 tam
350 615 434 641 esse
454 601 618 652 cognoui
636 606 862 653 patremque
882 600 1118 652 Dolopathos
1146 598 1263 638 aliam
1282 598 1355 638 sibi
1375 598 1414 637 in
1442 596 1664 648 coniugium

251 662 461 713 copulasse,
502 661 659 711 Iamque
687 660 810 700 eciam
837 660 982 711 legatos
1001 674 1024 699 a
1043 672 1085 698 se
1112 658 1267 706 dimisit,
1297 657 1361 708 qui
1390 670 1452 696 me
1480 657 1665 696 reducant

252 720 290 760 in
320 720 482 772 patriam
510 720 619 771 regni
647 721 872 771 dyademate
900 719 1181 759 coronandum.
1227 717 1306 768 Ego
1334 722 1464 756 autem
1491 721 1575 755 tum
1594 728 1664 767 pro

250 780 383 820 matris
398 784 522 819 morte
536 784 620 819 tum
635 793 704 831 pro
720 785 853 818 nostra
867 779 1108 830 separatione
1122 778 1161 816 in
1178 776 1377 816 tristiciam
1392 789 1528 815 uersus
1544 775 1663 814 animi

183 841 233 880 10
251 839 372 879 eciam
399 840 589 879 defectum
617 852 754 890 passus
774 851 873 886 sum,
903 843 940 877 et
959 838 1034 877 nisi
1053 838 1226 877 humana
1244 850 1307 876 ars
1325 848 1552 876 succursum
1581 847 1663 885 pre-

249 904 400 948 stasset,
428 898 589 938 forsitan
619 899 666 938 de
698 911 762 938 me
789 898 868 937 iam
896 897 1094 937 sentencia
1114 897 1202 936 data
1230 896 1338 935 foret.
1394 895 1446 934 At
1463 894 1661 945 Virgilius:

249 959 295 998 Et
319 972 402 1010 ego,
430 958 494 1006 ait,
523 958 596 998 hec
624 957 703 997 iam
731 959 879 997 dudum
907 969 1248 1008 precognoueram,
1278 956 1347 995 sed
1370 955 1559 994 hactenus
1588 954 1662 993 sub

248 1016 399 1058 silentio
418 1023 631 1066 tenueram,
651 1031 701 1057 ne
729 1017 761 1056 si
781 1017 847 1056 tibi
869 1017 942 1056 hoc
960 1016 1234 1068 propalassem,
1264 1015 1414 1054 uiderer
1434 1014 1499 1053 tibi
1520 1013 1662 1053 doloris

248 1091 292 1117 ac
310 1076 467 1117 tristicie
481 1082 614 1117 auctor
633 1076 808 1116 existere.
825 1076 1005 1116 Gratulor
1028 1080 1157 1115 autem
1177 1075 1280 1125 quod
1294 1075 1370 1113 hoc
1388 1087 1455 1125 per
1475 1079 1512 1113 te
1532 1073 1661 1124 ipsum

181 1138 228 1177 15
248 1137 464 1188 cognouisti
492 1142 529 1176 et
556 1141 621 1176 tue
640 1136 841 1176 subtilitati
861 1135 1104 1186 congaudeo:
1135 1135 1247 1174 uideo
1268 1133 1373 1173 enim
1401 1138 1438 1172 et
1457 1134 1605 1184 gaudeo
1626 1138 1663 1171 te

248 1196 355 1236 omni
374 1195 534 1236 scientia
561 1196 754 1235 eruditum
775 1208 991 1246 omnesque
1008 1193 1251 1246 philosophie
1270 1193 1489 1233 ascendisse
1507 1193 1660 1243 gradus.

248 1256 325 1295 Sed
337 1255 562 1296 meminisse
573 1256 690 1295 debes
706 1261 742 1295 te
753 1255 894 1294 artium
907 1254 1015 1293 initia
1028 1268 1051 1294 a
1065 1259 1130 1293 tuo
1142 1252 1299 1304 Virgilio
1314 1251 1528 1303 suscepisse
1539 1253 1660 1291 decet·

248 1328 323 1366 que
351 1321 388 1355 te
417 1328 654 1366 quamquam
673 1328 816 1366 regem,
847 1327 1083 1365 quamquam
1111 1313 1176 1352 alti
1204 1312 1324 1363 gloria
1343 1311 1543 1362 sanguinis
1571 1310 1660 1350 insi-

249 1374 411 1426 gnitum,
441 1387 680 1425 quamquam
708 1374 828 1414 eciam
849 1373 966 1413 michi
994 1372 1161 1412 sciencia
1189 1377 1226 1411 et
1245 1371 1365 1411 animi
1393 1370 1474 1410 acie
1501 1383 1660 1421 coeque-

178 1438 230 1477 20
248 1434 315 1482 ris⁷
344 1447 434 1474 eum
462 1433 527 1485 qui
556 1439 593 1473 te
621 1435 670 1474 ad
698 1433 918 1485 ymaginem
945 1432 1067 1472 diuini
1104 1431 1327 1472 reformauit
1362 1430 1534 1470 numinis
1567 1431 1662 1469 dum

247 1494 374 1534 adhuc
393 1493 536 1533 uixeris
563 1493 744 1533 reuereri.
787 1493 867 1532 Nec
886 1491 1102 1540 immerito;
1134 1491 1166 1531 si
1194 1491 1299 1530 enim
1318 1491 1508 1530 amandus
1537 1495 1575 1529 et
1603 1502 1662 1529 co-

245 1554 383 1593 lendus
413 1557 471 1592 est
498 1558 606 1604 pater
633 1567 657 1592 a
685 1553 774 1601 filio,
804 1552 894 1603 quia
921 1565 1011 1591 eum
1039 1551 1183 1591 carnali
1213 1550 1316 1590 coitu
1354 1549 1413 1589 sui
1455 1549 1576 1600 ipsius
1605 1549 1659 1588 in·

246 1617 444 1665 potentem
471 1611 512 1651 in
540 1613 668 1652 lucem
696 1612 865 1663 protulit,
904 1616 1050 1662 quanto
1077 1610 1200 1661 magis
1229 1614 1288 1649 est
1316 1614 1515 1660 preceptor
1543 1622 1567 1648 a
1605 1608 1661 1648 di-

246 1672 394 1723 scipulo
414 1671 642 1723 diligendus,
657 1671 720 1722 qui
735 1671 769 1711 ei
783 1671 1007 1711 diuinorum
1027 1669 1190 1722 prestitit
1209 1669 1390 1709 noticiam
1410 1674 1658 1708 secretorum.

175 1735 226 1774 25
245 1732 325 1783 Ego
353 1736 495 1780 autem,
524 1732 627 1782 quod
654 1731 780 1770 maius
808 1730 921 1779 inest,
966 1729 1087 1781 ipsius
1115 1730 1241 1769 lucem
1269 1727 1479 1768 diuinitatis
1508 1728 1576 1767 tibi
1603 1727 1659 1767 in-

245 1791 337 1832 fudi.
394 1791 478 1831 Scis
506 1791 651 1831 etenim
678 1803 742 1830 me
770 1790 890 1830 nichil
917 1791 964 1830 de
993 1788 1176 1829 humanis
1204 1788 1421 1838 diuinisque
1450 1792 1487 1826 te
1514 1787 1660 1827 celasse

246 1851 415 1899 secretis,
445 1850 539 1902 quin
566 1863 612 1890 ea
639 1849 708 1890 tibi
728 1851 775 1890 de
803 1851 923 1889 uerbo
943 1850 991 1889 ad
1018 1849 1182 1889 uerbum
1213 1853 1254 1887 ut
1273 1847 1410 1895 amico,
1439 1860 1518 1886 non
1548 1846 1659 1886 disci-

245 1910 336 1963 pulo
364 1909 654 1958 denudanerim,
684 1915 723 1950 et
749 1910 896 1961 gracias
924 1922 996 1960 ago
1025 1909 1127 1959 quod
1156 1922 1202 1947 ea
1228 1906 1353 1947 uiuaci
1382 1906 1568 1946 memorie
1596 1907 1659 1945 fir-

245 1970 358 2010 miter
386 1969 687 2017 commendasti3
716 1969 863 2020 gracias
882 1968 1042 2019 inquam
1071 1980 1142 2019 ago
1162 1967 1265 2018 quod
1294 1967 1409 2006 talem
1428 1966 1658 2017 discipulum

175 2032 228 2071 30
245 2030 390 2069 habere
417 2028 554 2078 merui,
583 2029 631 2068 de
659 2028 768 2068 cuius
796 2028 1029 2080 perfectione
1055 2027 1194 2067 merito
1223 2039 1383 2078 possum
1420 2026 1522 2077 apud
1556 2038 1658 2064 sum-

366 2149 381 2184 1
403 2148 511 2184 hodie
522 2158 630 2184 mane
650 2147 844 2192 offis-2
857 2146 968 2182 'Vl—'um
981 2148 1046 2192 Pp,
1064 2149 1169 2181 tuum
1185 2145 1214 2182 0
1225 2146 1266 2182 V.
1278 2165 1325 2170 —
1339 2145 1361 2180 3
1374 2144 1461 2179 mihi
1479 2155 1545 2179 arr.
1573 2145 1656 2178 V—

245 2202 324 2238 illas
348 2201 438 2247 fehlt
453 2201 524 2236 OV
536 2219 580 2226 —
599 2211 706 2236 mem.
724 2201 814 2244 fehlt
827 2201 870 2235 L.
901 2220 946 2226 —-
978 2201 999 2235 6
1013 2202 1101 2245 patr.
1110 2210 1233 2234 meum
1250 2199 1334 2243 OPp
1343 2199 1382 2233 V.
1410 2216 1452 2222 —
1473 2198 1656 2242 quandam

244 2255 354 2291 aliam
366 2255 431 2301 Pp.
448 2274 488 2280 -
503 2255 527 2290 8
540 2257 619 2289 tum
643 2254 757 2289 eciam
783 2254 822 2296 V,
847 2256 923 2289 tam
950 2280 958 2289 .
978 2280 985 2288 .
1005 2280 1013 2289 .
1039 2264 1151 2298 quam
1172 2252 1212 2294 0,
1239 2263 1323 2287 cum
1341 2279 1349 2288 .
1369 2279 1376 2287 .
1396 2278 1404 2287 .
1431 2254 1508 2286 tum
1527 2252 1591 2295 Pp.
1610 2270 1655 2275 —

232 2310 288 2345 Ἰ11
307 2309 391 2345 data
407 2308 546 2344 dudum
569 2309 593 2343 f.
607 2309 673 2353 Pp.
694 2326 730 2333 —
748 2307 790 2342 12
809 2306 1035 2352 preuideram
1057 2307 1141 2351 OPp
1149 2307 1190 2341 V.
1210 2326 1255 2332 —
1275 2305 1320 2341 14
1335 2308 1435 2340 actor
1463 2305 1546 2349 oPp
1556 2305 1595 2339 V.
1610 2324 1655 2331 —

247 2364 291 2399 15
307 2361 494 2409 percepisti
512 2373 554 2397 ac
571 2372 673 2407 cogn.
694 2361 818 2396 OV—
838 2360 881 2395 18
906 2370 1027 2404 regem
1055 2370 1114 2404 qu.
1128 2360 1218 2404 fehlt
1235 2359 1318 2403 OPp
1340 2376 1380 2383 -—
1399 2358 1514 2403 gloria
1537 2358 1655 2401 singu-

243 2417 329 2452 laris
353 2426 479 2460 sangu.
505 2416 570 2460 Pp,
597 2414 711 2460 gloria
734 2413 963 2459 singulariter
987 2424 1112 2457 sangu.
1142 2413 1218 2449 oV.
1244 2433 1288 2439 —
1318 2412 1361 2447 19
1386 2423 1445 2457 qu.
1471 2411 1581 2446 nichil
1605 2422 1655 2446 sc.

243 2470 300 2515 Pp
323 2489 369 2495 —
394 2472 429 2505 et
446 2468 558 2505 animi
583 2468 659 2504 acie
687 2469 786 2503 Cani.
801 2469 880 2510 Eb..
906 2470 941 2503 et
958 2466 1121 2502 amicicia
1144 2468 1202 2501 die
1218 2466 1422 2502 Ham—20
1445 2465 1533 2500 dum
1558 2464 1655 2499 adui-

243 2523 338 2560 xeris
362 2524 406 2566 L,
431 2523 518 2558 dum
544 2521 674 2558 vixeris
694 2521 734 2558 0.
756 2541 802 2547 —
819 2521 865 2556 22
883 2531 965 2556 eum
990 2521 1080 2565 fehlt
1108 2520 1191 2564 OPp
1203 2520 1243 2555 V.
1273 2539 1313 2545 —
1333 2519 1380 2554 24
1396 2518 1539 2564 prebuit
1555 2519 1653 2562 Ppo,

242 2576 369 2613 tribuit
404 2577 445 2612 V.
483 2594 527 2601 —
565 2576 611 2611 25
636 2575 731 2620 quod
757 2586 805 2610 m.
831 2578 885 2610 est
911 2574 979 2616 ΟΡ,
1017 2573 1112 2619 quod
1138 2572 1254 2617 magis
1277 2575 1331 2608 est
1353 2573 1416 2618 pV
1455 2591 1497 2597 —
1536 2572 1653 2607 lucem

243 2630 513 2674 archanumque
536 2628 602 2664 tibi
626 2628 699 2664 diu.
718 2628 781 2663 inf.
808 2628 846 2663 0.
867 2646 910 2653 —
935 2628 1045 2671 28129
1065 2637 1134 2671 ago
1154 2653 1162 2661 .
1182 2651 1191 2661 .
1210 2653 1218 2661 .
1237 2636 1304 2671 ago
1323 2628 1590 2671 Auyensprunq
1613 2629 1654 2660 in

248 2684 277 2719 Ο
292 2702 339 2711 --
355 2682 474 2719 tenaci
490 2693 598 2718 mem.
620 2681 707 2727 OPp
726 2700 765 2708 —
784 2681 936 2717 firmiter
959 2681 1050 2726 fehlt
1066 2681 1163 2726 PpV
1179 2699 1220 2706 -
1241 2680 1293 2715 30
1309 2680 1437 2715 merito
1454 2679 1543 2723 fehlt
1560 2679 1654 2724 PpV
