1800 2930
272 159 289 185 κ

787 209 1059 248 ..12-

222 321 338 408 Rex
366 321 479 373 igitur
498 322 733 374 Dolopathos
752 323 941 364 exaltatus
959 324 1080 376 gloria
1104 324 1328 376 diuiciisque
1347 331 1632 377 augmentatus,

318 381 453 421 uolens
482 382 553 421 sibi
582 388 806 434 perpetuare
834 396 991 434 nomen,
1029 384 1217 436 palacium
1246 385 1343 424 mire
1371 390 1561 425 structure
1596 391 1633 425 et

220 440 389 481 inaudite
426 442 703 493 magnitudinis
740 442 780 482 in
818 444 984 494 quadam
1021 443 1129 496 regni
1158 444 1218 484 sui
1254 444 1407 485 ciuitate
1441 445 1631 496 uirgultis,

221 499 339 551 pratis
367 505 405 540 et
432 501 542 552 aquis
561 501 736 541 dulcibus
765 515 905 542 amena
932 502 1139 554 fertilisque
1158 504 1267 555 glebe
1298 503 1500 552 edificauit,
1530 506 1634 555 quod

177 557 200 594 5
221 572 343 610 usque
380 560 418 599 in
465 573 629 612 presens.
658 574 891 612 permanens
928 562 1135 602 Palernum
1171 568 1342 604 uocatur.
1398 564 1442 603 In
1475 564 1562 612 hoc,
1591 570 1636 604 ut

220 624 346 659 cetera
373 620 472 660 mira
514 624 552 660 et
579 620 659 660 fere
696 620 933 662 incredibilia
969 623 1259 673 pretermittam,
1296 629 1350 663 tot
1388 628 1480 663 sunt
1507 624 1637 663 hostia

220 683 313 729 quot
340 678 379 718 in
409 692 513 719 anuo
542 679 623 719 dies
652 685 937 732 computantur.
999 682 1042 721 In
1071 682 1147 722 hoc
1175 683 1297 722 eciam
1326 683 1466 734 palatio
1495 683 1557 722 uel
1585 683 1634 722 ci·

220 737 334 778 vitate
362 739 494 778 sedem
513 739 619 790 regni
639 740 699 778 sni
719 739 909 779 collocans
929 753 996 780 rex
1017 741 1309 793 sollempniores
1329 742 1408 781 dies
1429 743 1636 793 peragebat

219 797 461 849 maioresque
489 811 624 838 causas
653 799 714 838 uel
742 798 895 850 negotia
922 801 1189 851 pertractabat.
1236 801 1312 850 Qui
1340 806 1470 841 tamen
1500 815 1632 852 quam-

153 855 202 893 10
220 870 336 908 quam
363 857 416 898 ita
444 871 572 898 rerum
592 858 725 910 copiis,
754 872 828 909 que
847 864 948 899 terra
966 860 1139 911 marique
1158 862 1367 909 uehuntur,
1397 875 1464 912 pre
1484 860 1634 901 cunctis

219 917 373 969 regibus
399 918 642 957 habundaret
680 931 751 958 nec
778 923 880 958 esset
906 919 1051 970 aliquid
1087 921 1190 970 quod
1219 933 1288 960 sue
1315 922 1465 960 deesset
1501 921 1632 971 glorie,

219 975 258 1015 in
286 977 361 1016 hoc
389 981 517 1016 tamen
547 977 628 1017 eius
657 977 814 1017 felicitas
842 977 967 1018 minui
995 979 1198 1019 uidebatur
1233 981 1335 1030 quod
1363 979 1538 1020 uidelicet
1573 993 1631 1019 ca-

219 1041 319 1075 reret
346 1036 488 1084 liberis,
523 1036 656 1087 regina
692 1036 811 1076 sterili
849 1043 1112 1088 permanente.
1169 1039 1278 1078 Vnde
1317 1039 1453 1079 cotidie
1493 1039 1634 1078 anxius

220 1095 450 1144 tabescebat,
478 1101 656 1135 metuens
684 1109 735 1135 ne
762 1101 849 1148 post
876 1102 1043 1137 mortem
1077 1098 1159 1138 eius
1188 1111 1352 1150 regnum
1389 1103 1426 1138 et
1459 1098 1631 1138 thesauri

152 1155 199 1192 15
220 1154 279 1194 sui
307 1154 522 1195 alienorum
548 1154 695 1195 libidini
725 1155 978 1196 subiacerent.
1017 1157 1213 1197 Exorabat
1241 1159 1334 1197 deos
1362 1171 1454 1197 suos
1483 1157 1632 1206 cotidie,

220 1213 394 1265 placabat
429 1214 579 1263 hostiis,
621 1214 849 1254 muneribus
885 1216 1117 1264 honorabat,
1160 1222 1295 1268 petens
1338 1230 1428 1256 cum
1464 1217 1634 1256 lacrimis

219 1273 400 1324 quatinus
428 1274 462 1313 ei
481 1287 528 1314 ex
556 1274 689 1325 regina
708 1275 963 1315 concederent
991 1288 1266 1315 successorem.
1304 1275 1397 1315 Post
1421 1276 1633 1315 multorum

218 1338 347 1373 autem
375 1347 571 1373 annorum
599 1333 788 1374 curricula
816 1347 906 1373 cum
934 1334 1011 1374 iam
1041 1348 1108 1374 rex
1137 1335 1291 1386 penitus
1310 1336 1357 1375 de
1377 1334 1483 1387 prole
1502 1336 1632 1387 despe-

218 1397 331 1442 raret,
361 1407 440 1433 non
470 1392 624 1444 quidem
654 1394 815 1433 deorum
843 1407 1004 1433 suorum
1033 1394 1219 1434 beneficio
1253 1395 1314 1435 uel
1351 1395 1505 1444 uirtute,
1542 1408 1631 1435 cum

148 1455 200 1493 ΞΟ
218 1452 335 1492 nichil
356 1452 444 1502 sint,
474 1454 541 1493 sed
570 1452 688 1492 solius
717 1453 777 1493 dei
805 1453 885 1493 uiui
918 1459 955 1493 et
983 1453 1066 1493 ueri
1092 1454 1262 1494 bonitate
1289 1454 1427 1494 sterilis
1458 1454 1633 1505 concepit

218 1511 350 1563 regina
377 1512 628 1563 peruenitque
657 1513 705 1552 ad
735 1518 910 1564 tempora
938 1513 1124 1564 pariendi.
1180 1513 1264 1561 Que
1300 1526 1388 1553 curn
1416 1514 1494 1554 iam
1531 1514 1630 1565 pari-

218 1576 303 1611 tura
331 1576 444 1620 esset,
472 1577 660 1611 conuocat
679 1585 743 1611 rex
771 1571 924 1612 diuinos
952 1577 989 1612 et
1008 1573 1311 1621 mathematicos,
1342 1572 1554 1613 sciscitatur
1583 1574 1633 1613 ab

217 1631 272 1670 eis
300 1631 361 1670 cui
380 1632 441 1670 uel
469 1630 571 1682 quali
590 1631 667 1671 fato
696 1644 791 1683 puer
819 1631 883 1682 qui
904 1630 1134 1671 nascebatur
1162 1632 1388 1672 subiaceret.
1426 1632 1482 1672 Illi
1501 1638 1630 1672 autem

218 1690 503 1741 circumspectis
544 1690 684 1742 regulis
722 1690 803 1731 suis
846 1690 1173 1742 consideratisque
1219 1692 1416 1732 stellarum
1459 1692 1632 1732 motibus

147 1752 198 1790 25
217 1749 324 1789 aiunt
352 1755 505 1801 partum
535 1751 690 1800 quidem
709 1763 794 1790 esse
821 1745 1027 1791 masculini
1046 1764 1175 1800 sexus,
1204 1751 1361 1791 uitalem
1388 1751 1481 1800 fore,
1510 1751 1631 1802 philo-

216 1808 384 1860 sophum
402 1822 602 1860 magnum,
622 1809 782 1849 insidias
802 1811 945 1850 multas
965 1823 1183 1862 passurum,
1203 1815 1454 1862 regnaturum
1475 1810 1629 1861 quidem

216 1867 257 1907 in
286 1869 401 1908 domo
421 1868 539 1919 patris
559 1869 822 1920 cultoremque
850 1870 911 1909 dei
930 1869 1072 1909 summi
1101 1870 1285 1910 futurum.
1324 1869 1406 1909 Hec
1425 1869 1477 1909 illi
1497 1883 1629 1920 quam-

217 1940 332 1978 quam
360 1927 413 1967 ita
440 1928 569 1968 futura
597 1934 740 1977 essent,
769 1941 850 1968 non
870 1942 917 1968 ex
946 1929 1038 1969 artis
1067 1942 1136 1968 sue
1155 1929 1320 1969 sciencia
1348 1934 1627 1980 cognouerunt,

215 1987 282 2027 sed
310 1987 371 2027 ille
399 1987 464 2038 qui
483 1987 574 2027 olim
604 2001 648 2028 os
667 1987 776 2028 asine
804 1987 953 2040 aperuit
981 1994 1018 2028 et
1037 2001 1104 2040 per
1133 2001 1176 2028 os
1205 1989 1363 2028 Balaam
1385 1987 1493 2028 arioli
1512 1989 1627 2028 lsrae-

144 2046 316 2087 301itico
353 2047 493 2098 populo
521 2047 728 2096 benedixit,
758 2048 840 2088 istis
869 2061 961 2088 uero
989 2053 1224 2087 secretorum
1253 2060 1414 2087 suorum
1450 2048 1628 2099 aperiens

215 2118 369 2155 uenam,
409 2119 483 2157 que
519 2107 779 2158 predestinata
813 2113 923 2147 erant
961 2107 1060 2159 regis
1098 2107 1174 2147 filio
1209 2106 1406 2147 reuelauit.
1472 2108 1629 2147 Interim

323 2226 338 2259 1
367 2228 621 2269 augmentatur
645 2226 708 2260 sed
733 2236 767 2261 u.
799 2226 930 2270 OPpV.
951 2245 985 2251 —
1008 2226 1031 2260 4
1056 2226 1110 2262 ed.
1137 2236 1206 2271 que
1231 2237 1266 2262 11.
1294 2225 1430 2271 OPpV.
1459 2246 1500 2250 —
1527 2227 1549 2260 ὃ
1575 2237 1628 2270 pr.

215 2281 354 2322 tempus
372 2279 470 2323 PpV
487 2298 533 2302 —
552 2289 771 2323 panormum
791 2278 831 2322 O,
857 2279 1039 2315 salernum
1063 2280 1104 2314 V.
1124 2298 1165 2304 —
1193 2280 1215 2314 6
1234 2279 1471 2315 intercludam
1495 2280 1578 2324 OPp
1589 2280 1627 2313 V.

215 2350 258 2355 —
290 2332 309 2365 7
336 2331 376 2366 In
401 2332 469 2367 hac
494 2332 563 2368 ciu.
591 2331 726 2377 OPpV.
763 2351 808 2358 —
847 2334 868 2367 9
893 2343 943 2368 111.
968 2343 998 2368 c.
1025 2359 1033 2367 .
1054 2357 1063 2366 .
1083 2360 1118 2367 ..
1144 2335 1252 2378 pertr.
1288 2333 1379 2376 fehlt
1408 2333 1491 2377 OPp
1502 2333 1538 2368 V.
1587 2353 1625 2357 —

219 2385 261 2419 10
285 2385 334 2419 ita
365 2385 455 2428 fehlt
482 2386 637 2430 OpV—
661 2385 893 2421 aduehuntur
911 2386 1012 2421 Com’.
1029 2387 1095 2421 Eb.
1124 2405 1165 2411 —
1196 2387 1239 2421 14
1264 2389 1299 2420 et
1324 2390 1407 2420 statt
1433 2385 1510 2420 eius
1536 2389 1624 2420 coni.

214 2439 278 2472 Εὐ.
304 2457 348 2463 —-
376 2439 420 2474 15
443 2438 599 2474 libertati
624 2450 652 2474 s.
683 2440 766 2486 OPp
776 2441 815 2474 V.
851 2459 895 2465 —
923 2440 967 2474 18
992 2442 1114 2474 autem
1138 2439 1227 2483 fehlt
1255 2439 1495 2483 oPpV.—91
1525 2450 1627 2484 prou.

218 2492 245 2526 Ο
265 2511 305 2516 -
333 2492 376 2526 ad
401 2494 544 2537 tempus
572 2491 791 2536 OV—Que
815 2493 902 2528 dum
926 2492 1000 2528 iam
1025 2503 1058 2537 p.
1088 2492 1158 2526 OV
1181 2494 1225 2537 (p.
1252 2491 1344 2527 foret
1371 2491 1423 2534 Ο).
1439 2511 1484 2517 -
1499 2492 1544 2526 23
1569 2492 1627 2527 cui

214 2545 271 2579 uel
295 2546 385 2588 fehlt
414 2546 546 2590 OPpV.
573 2565 617 2571 —
642 2546 689 2580 24
715 2545 861 2590 virgulis
886 2557 913 2581 s.
944 2547 982 2582 Ο.
999 2565 1046 2571 -
1064 2545 1110 2580 25
1127 2546 1274 2590 quidem
1303 2546 1394 2589 fehlt
1423 2546 1555 2590 OPpV.
1583 2566 1626 2571 —

214 2598 260 2633 28
286 2597 336 2633 ita
360 2599 450 2642 fehlt
478 2599 609 2643 OPpV.
636 2619 681 2623 ——
707 2610 749 2635 ex
775 2599 863 2643 fehlt
889 2600 921 2634 L
954 2619 999 2625 —
1030 2599 1254 2634 consciencia
1283 2599 1320 2634 0.
1347 2617 1393 2622 —
1418 2599 1463 2633 29
1488 2610 1538 2634 as.
1564 2609 1627 2634 sue

216 2652 339 2696 OPpV
362 2672 406 2678 —
433 2662 495 2696 per
519 2652 608 2696 fehlt
634 2653 675 2687 L.
703 2673 746 2678 —
773 2652 874 2687 arioli
899 2664 974 2689 ‘nur
998 2653 1040 2688 L.
1060 2670 1102 2677 —
1130 2652 1231 2694 30s31
1260 2651 1338 2687 istis
1364 2679 1398 2686 ..
1419 2679 1426 2687 .
1452 2651 1629 2687 reuelauit

214 2706 304 2747 fehlt
333 2706 463 2749 OPpV.
