1800 2930
812 195 893 210 ·—
954 183 1116 221 82—

276 298 467 350 quodiam
482 299 629 338 dudum
642 302 871 350 conceperat
883 298 1013 337 animo
1026 297 1284 349 oportunitate
1302 296 1486 348 temporis
1505 297 1688 348 operibus

275 358 472 410 complens
509 363 656 410 septem
693 357 791 397 filios
829 356 942 397 matri
979 357 1103 397 furata
1139 362 1208 405 est,
1251 369 1321 408 pro
1359 355 1498 407 quibus
1535 361 1684 407 septem

275 417 430 458 catellos
448 417 548 457 infra
567 430 709 457 nouem
727 416 808 457 dies
837 421 948 456 natos
968 417 1074 456 iuxta
1091 416 1317 456 dormientis
1343 416 1486 456 lectum
1514 416 1687 455 collocat.

275 477 463 517 Paruulos
490 482 620 517 autern
647 476 800 517 cuidam
828 489 942 516 seruo
970 489 1042 516 suo
1070 476 1172 515 fideli
1208 475 1383 516 tribuens
1419 475 1568 515 adiurat
1596 488 1686 515 eum

232 538 256 576 5
274 541 516 577 sacramento
544 535 632 576 fidei
659 546 729 576 sue
755 540 797 575 ut
834 536 937 587 ipsos
977 535 1183 575 suffocatos
1223 540 1324 575 terra
1362 535 1585 574 reconderet
1622 540 1690 574 aut

273 597 536 647 submergeret
575 595 702 635 undis.
757 595 870 644 Quod
907 608 949 634 se
984 595 1046 634 ille
1086 599 1196 634 caute
1233 593 1468 644 fideliterque
1507 599 1686 633 acturum

273 655 500 707 promittens
529 659 727 706 susceptos
754 654 938 706 paruulos
966 653 1049 694 tulit
1077 653 1117 693 in
1146 654 1285 693 siluam
1321 653 1574 705 deposuitque
1612 653 1687 693 sub

273 714 421 755 arbore.
477 715 584 763 Quos
612 727 700 753 cum
729 714 910 754 manibus
939 713 1125 753 suffocare
1152 718 1316 764 pararet,
1355 714 1403 752 ab
1432 713 1506 752 hoc
1542 712 1687 752 miseri·

274 773 403 814 cordia
430 787 497 814 seu
525 774 687 813 horrore
714 773 867 814 sceleris
895 778 1098 812 reuocatus
1117 772 1229 812 uiuos
1256 772 1419 822 reliquit,
1448 771 1556 811 aiens
1584 771 1686 811 inter

207 834 256 872 10
274 846 316 873 se
352 834 454 884 quod
482 838 519 872 et
560 846 701 873 manus
740 837 933 872 seruasset
970 832 1148 872 innoxias
1185 837 1222 872 et
1257 833 1484 871 mandatum
1526 831 1688 871 fideliter

274 892 366 932 satis
393 892 641 944 impleuisset.
698 892 882 932 Conditor
913 896 1041 931 autem
1079 896 1259 942 satorque
1287 891 1463 931 omnium
1497 891 1592 930 deus
1621 891 1687 941 qui

273 956 412 992 cuncta
438 951 591 1003 respicit
618 956 832 1002 cunctaque
860 955 1049 991 sustentat
1068 958 1105 990 et
1131 951 1332 1002 gubernat,
1360 950 1529 990 maxime
1556 955 1685 989 autem

272 1011 477 1051 hominum
516 1024 652 1062 genus,
692 1011 872 1062 paruulos
914 1010 998 1050 illos
1038 1010 1125 1050 licet
1166 1009 1338 1053 modicas
1374 1015 1569 1049 creaturas
1616 1022 1687 1049 sua

272 1075 403 1110 tamen
443 1083 559 1122 opera
599 1084 685 1110 esse
726 1083 1007 1122 recognoscens
1041 1069 1097 1109 eis
1133 1071 1267 1109 eadem
1303 1070 1401 1109 hora
1438 1082 1513 1120 qua
1549 1082 1687 1109 seruus

205 1130 252 1168 15
273 1135 483 1170 recesserat
510 1129 716 1170 nutricium
745 1129 861 1178 misit,
890 1142 1024 1169 senem
1043 1129 1219 1169 uidelicet
1248 1130 1442 1180 quendam
1472 1128 1535 1180 qui
1563 1129 1685 1180 philo-

272 1189 463 1241 sophandi
490 1190 611 1241 gratia
637 1189 776 1229 siluam
803 1202 872 1241 pro
900 1189 997 1228 urbe
1024 1189 1188 1240 elegerat
1215 1189 1332 1239 inque
1369 1201 1486 1240 specu
1514 1189 1683 1239 quodam

270 1250 507 1290 morabatur.
545 1248 620 1289 Hic
638 1262 705 1289 eos
723 1249 944 1300 repperiens
964 1254 1006 1288 ut
1033 1249 1207 1300 proprios
1228 1249 1324 1288 filios
1353 1248 1503 1299 collegit
1521 1248 1686 1299 tulitque

270 1309 319 1349 ad
346 1314 502 1349 antrum
530 1322 659 1358 suum,
693 1313 839 1360 septem
868 1307 981 1348 annis
1001 1321 1068 1347 eos
1103 1308 1202 1348 lacte
1229 1307 1429 1347 cuiusdam
1466 1320 1579 1347 cerue
1615 1321 1684 1347 nu-

268 1368 399 1408 triens.
455 1368 613 1408 Interim
642 1372 772 1407 autem
800 1369 893 1407 dum
921 1367 1070 1419 paruuli
1099 1381 1122 1407 a
1155 1368 1302 1419 prefato
1330 1380 1444 1406 seruo
1478 1367 1517 1406 in
1546 1367 1684 1407 siluam

198 1429 251 1466 20
268 1433 527 1480 portarentur,
564 1428 732 1467 nefanda
759 1441 858 1467 anus
886 1427 1007 1467 filium
1035 1428 1084 1467 ad
1111 1440 1153 1467 se
1182 1440 1346 1466 uocans:
1376 1426 1488 1474 Veni,
1523 1427 1587 1475 ait,
1616 1426 1682 1474 fili,

268 1487 356 1538 uide
384 1500 500 1538 quam
528 1487 710 1539 pulchros
738 1492 775 1527 et
802 1500 1011 1538 generosos
1043 1486 1140 1526 filios
1168 1486 1236 1526 tibi
1263 1492 1328 1526 tua
1366 1486 1541 1537 genuerit
1568 1499 1680 1525 uxor.

268 1543 316 1586 Et
331 1546 495 1587 ostendit
514 1546 548 1587 ei
568 1547 728 1595 catulos,
755 1546 961 1598 increpans
974 1559 1065 1586 eum
1084 1547 1186 1597 quod
1206 1558 1251 1585 eo
1273 1559 1394 1596 usque
1413 1547 1534 1585 uerba
1547 1546 1682 1585 matris

268 1606 408 1658 quibus
437 1619 526 1646 eum
545 1620 569 1646 a
586 1606 652 1646 tali
676 1606 839 1657 coniuge
858 1619 1039 1646 reuocare
1067 1606 1291 1657 temptabat,
1320 1605 1480 1645 minime
1500 1606 1681 1645 audisset.

269 1665 456 1706 Credulus
485 1665 646 1705 nimium
674 1665 736 1705 ille
754 1666 866 1706 matri
894 1665 1043 1705 horruit
1062 1678 1235 1713 uxorem,
1264 1665 1373 1705 cuius
1402 1678 1535 1705 amore
1560 1665 1687 1716 primo

198 1724 249 1763 25
267 1725 460 1765 intantum
488 1725 686 1776 flagrabat,
725 1738 1013 1776 conuersusque
1041 1730 1143 1764 totus
1171 1725 1212 1764 in
1240 1724 1371 1764 odium
1408 1725 1489 1764 eius
1528 1725 1684 1764 catellos

267 1784 422 1835 quidem
450 1784 644 1835 submergi
682 1784 779 1832 fecit,
816 1784 941 1836 ipsam
978 1797 1071 1824 uero
1100 1784 1206 1824 nulla
1242 1783 1315 1823 sibi
1352 1797 1422 1835 pro
1450 1797 1492 1823 se
1528 1797 1687 1835 respon·

268 1844 383 1884 dendi
411 1848 476 1883 aut
506 1844 670 1895 negandi
703 1843 849 1883 crimen
877 1844 1054 1884 facultate
1090 1856 1275 1884 concessa
1313 1843 1444 1883 uiuam
1480 1843 1520 1882 in
1558 1843 1687 1883 medio

267 1902 396 1955 palatii
424 1902 482 1942 sui
510 1903 628 1943 infodi
656 1916 778 1954 usque
806 1904 855 1943 ad
882 1903 1073 1943 mamillas
1101 1903 1219 1951 iubet,
1260 1902 1472 1954 precipiens
1502 1902 1684 1943 omnibus

267 1962 463 2011 militibus,
492 1962 763 2011 seruientibus,
793 1963 935 2003 scurris
954 1968 991 2003 et
1019 1962 1194 2014 parasitis
1214 1968 1257 2002 ut
1284 1962 1463 2014 pransuri
1481 1966 1548 2002 aut
1572 1975 1683 2002 cena·

197 2021 250 2059 30
268 2021 343 2062 turi
370 2034 512 2061 manus
532 2035 647 2073 super
666 2022 796 2061 uxoris
821 2027 936 2074 caput
963 2023 1164 2062 abluerent
1179 2022 1519 2074 abstergerentque
1538 2021 1684 2073 capillis

267 2081 474 2132 nullusque
501 2082 536 2120 ei
554 2081 652 2122 alius
670 2083 719 2121 ad
747 2082 996 2121 reficiendum
1025 2083 1179 2122 daretur
1207 2081 1316 2122 cibus
1343 2094 1462 2132 quam
1489 2081 1554 2132 qui
1582 2081 1684 2120 cani-

387 2201 443 2244 1s2
469 2211 526 2245 op.
556 2201 699 2245 pariens
733 2211 761 2235 s.
790 2200 815 2236 f.
846 2201 888 2242 L,
926 2211 993 2245 op:
1011 2199 1196 2244 complens
1226 2199 1399 2245 parientis
1422 2210 1450 2234 s.
1476 2199 1499 2234 f.
1531 2200 1595 2244 Pp.
1638 2219 1681 2223 —

267 2255 290 2290 3
314 2255 451 2290 catulos
478 2253 566 2298 OPp
575 2255 614 2289 V.
653 2275 697 2280 —-
732 2254 755 2288 4
780 2254 923 2289 seruulo
947 2251 1021 2289 *suo
1048 2254 1072 2288 f.
1100 2253 1141 2295 Ο,
1178 2264 1284 2288 seruo
1318 2251 1525 2288 fidelissimo
1559 2253 1598 2287 V.
1640 2273 1678 2278 —

269 2308 288 2342 7
314 2308 496 2352 spondens
520 2318 547 2343 s.
580 2309 622 2342 V.
652 2328 696 2333 —
731 2307 755 2342 8
778 2308 859 2342 suff.
885 2318 923 2342 se
954 2310 1097 2352 pararet
1121 2308 1224 2351 PpV‚
1261 2307 1341 2342 suff.
1372 2309 1532 2351 speraret
1558 2305 1597 2341 Ο.
1638 2327 1680 2331 -

268 2361 290 2396 9
314 2371 378 2396 seu
403 2371 523 2396 errore
548 2361 650 2406 PpV.
679 2378 721 2385 --
742 2361 800 2405 10(
807 2361 844 2395 11
873 2360 932 2396 fid.
951 2360 1180 2406 adimplesset
1199 2360 1290 2404 OPp
1298 2360 1338 2394 V.
1358 2380 1402 2386 -—
1423 2359 1463 2394 11
1484 2369 1683 2394 sacrorum-

267 2424 338 2458 que
361 2425 395 2450 ο.
421 2415 486 2459 Pp,
512 2414 760 2459 factorumque
786 2413 826 2450 Ο.
862 2434 906 2441 -
944 2415 986 2449 17
1013 2425 1042 2449 c.
1067 2413 1235 2449 educauit
1261 2413 1401 2458 OPpV.
1429 2433 1473 2439 —
1508 2412 1549 2447 21
1579 2422 1681 2455 gene-

267 2467 361 2503 rauit
390 2468 492 2512 OpV.
525 2488 569 2494 —
601 2468 646 2502 22
672 2468 789 2502 adhuc
813 2478 927 2512 usque
955 2466 1052 2512 OPp,
1083 2468 1155 2503 huc
1178 2477 1293 2511 usque
1325 2467 1365 2502 V.
1400 2487 1445 2492 —
1470 2465 1581 2507 23124
1605 2476 1680 2500 reu.

267 2521 433 2556 studebat
457 2521 544 2556 min.
562 2521 783 2556 attendisset.
833 2521 989 2556 Credidit
1013 2521 1122 2566 igitur
1145 2521 1233 2557 nim.
1259 2531 1308 2556 m.
1337 2523 1373 2555 et
1397 2520 1494 2555 horr.
1528 2519 1605 2555 OV.
1637 2538 1678 2544 —

267 2574 315 2610 24
338 2574 496 2620 primum
514 2575 557 2616 L,
583 2574 748 2620 primitus
776 2574 806 2610 Ο
823 2576 886 2619 (pr.
905 2575 1044 2611 imenso
1069 2575 1311 2619 flagrauerat);
1337 2572 1475 2619 pridem
1496 2573 1596 2608 Cone.
1614 2574 1682 2609 Eb.

268 2647 315 2654 —
339 2628 385 2663 25
410 2628 652 2672 confususque
677 2631 731 2663 est
754 2631 851 2663 totus
875 2628 1019 2664 animus
1043 2628 1120 2663 eius
1144 2628 1209 2672 Pp,
1241 2637 1346 2663 conu.
1372 2630 1425 2662 est
1455 2629 1554 2662 totus
1578 2637 1681 2661 amor

268 2681 345 2717 eius
370 2681 408 2716 in
433 2682 489 2717 od.
508 2682 645 2717 catulos
675 2682 715 2718 V.
744 2701 784 2707 —
813 2682 858 2716 26
883 2681 1000 2718 subm.
1019 2681 1119 2717 iubet
1144 2681 1252 2726 PpV.
