1800 2930
746 237 1019 277 ...33-

178 354 246 393 ubi
274 354 401 395 fides?
455 355 511 395 lta
537 355 693 395 erudisti
722 356 834 396 amici
861 356 995 405 filium,
1023 362 1066 397 ut
1093 362 1244 397 mutum
1273 358 1476 399 redderes?
1512 358 1590 399 Sed

177 414 265 464 quis
307 414 380 454 hoc
421 414 487 454 tibi
522 415 695 466 imputet,
733 415 818 466 quis
852 417 982 455 credat
1021 422 1059 456 te
1095 416 1171 457 filio
1209 417 1443 469 Dolopathos
1477 417 1589 458 Gesa-

178 472 307 523 risque
335 473 464 525 nepoti
492 474 566 513 hoc
594 473 769 513 intulisse
797 475 972 514 malum?
1026 475 1103 515 Sed
1139 476 1214 516 hoc
1248 476 1424 527 pessimis
1456 476 1589 528 legatis

179 532 339 583 imputo,
367 532 420 572 hii
447 532 607 572 alicuius
634 533 802 585 corrupti
840 534 1002 584 pecunia
1036 540 1073 573 te
1106 535 1211 575 bono
1247 537 1406 575 custode
1442 542 1590 576 remoto

179 591 299 631 filium
328 592 586 643 perdiderunt.
640 592 674 632 Ο
701 592 881 632 homines
909 593 1115 641 maleficos,
1144 607 1167 633 o
1196 595 1402 638 ueneficos.
1431 608 1455 634 o
1487 596 1589 635 mille
1616 595 1642 633 5

177 650 365 690 mortibus
403 651 673 703 perimendos!
716 652 782 691 ubi
810 665 955 699 cruces,
1001 653 1067 692 ubi
1104 653 1236 702 aculei,
1271 654 1337 693 ubi
1373 654 1590 694 Siculorum

180 713 401 750 tormenta?
442 710 476 749 Ο
495 710 527 749 si
556 715 710 750 taurum
738 724 881 750 eneum
910 712 1106 759 haberem,
1136 718 1179 752 ut
1204 713 1277 752 hos
1306 713 1475 753 inclusos
1501 713 1589 764 igne

172 769 372 820 supposito
398 768 636 808 horrendum
663 770 810 809 cunctis
838 772 1099 822 spectaculum
1127 771 1370 812 exhiberemt
1407 772 1589 812 Lucinius

173 833 307 867 autem
334 827 471 867 uidens
499 828 672 868 dolorem
701 829 819 880 patris
853 843 939 869 esse
967 831 1239 870 uehementem
1275 831 1484 882 legatisque
1511 832 1588 871 iam

173 891 337 926 mortem
378 887 522 938 parari,
565 889 762 928 scedulam
807 894 846 928 et
885 889 1077 929 calamum
1117 895 1154 930 et
1194 895 1454 931 atramentum
1498 904 1588 931 cum
1611 889 1660 928 10

173 945 415 986 festinatione
455 947 574 986 sumit
614 948 820 999 scribitque
861 949 958 1000 patri
1004 950 1106 1000 quod
1143 950 1225 989 eius
1263 964 1340 990 non
1378 951 1589 1002 despiceret

175 1010 427 1053 senectutem,
456 1019 529 1046 nec
555 1020 579 1046 a
607 1006 761 1058 Virgilio
790 1020 862 1047 nec
890 1022 914 1048 a
940 1008 1073 1060 legatis
1092 1009 1238 1059 aliquas
1267 1010 1422 1050 insidias
1450 1023 1588 1062 passus

167 1070 285 1112 esset,
323 1066 392 1105 sed
438 1066 513 1106 hoc
554 1066 588 1105 ei
628 1079 676 1106 ex
718 1068 853 1107 matris
893 1068 1071 1108 defuncte
1118 1069 1273 1109 tristicia
1313 1071 1406 1109 dum
1440 1069 1588 1110 ueniret

170 1124 358 1164 acciderit.
423 1125 603 1165 Absoluit
639 1139 731 1177 ergo
773 1133 811 1166 et
846 1128 1074 1179 magistrum
1110 1134 1147 1168 et
1180 1129 1325 1179 legatos
1358 1143 1382 1168 a
1417 1129 1586 1169 criminis

167 1183 440 1235 suspicatione.
1606 1186 1653 1225 15

168 1242 354 1332 Interim
389 1249 520 1284 autem
547 1245 642 1284 dum
677 1246 751 1285 hec
788 1245 827 1285 in
856 1246 1034 1285 cubiculo
1067 1252 1244 1298 aguntur,
1272 1247 1384 1287 amici
1419 1247 1518 1299 regis
1545 1247 1586 1287 in

236 1303 420 1354 palatium
449 1310 724 1352 conuenerant,
755 1306 951 1344 tractaturi
970 1318 1059 1345 cum
1089 1319 1179 1357 rege
1206 1307 1254 1346 de
1281 1307 1354 1346 hiis
1379 1320 1454 1357 que
1481 1320 1586 1347 coro-

169 1362 303 1402 nando
322 1362 480 1402 Lucinio
500 1363 685 1403 deberent
715 1364 810 1404 fieri.
849 1365 1027 1412 Querunt
1046 1366 1111 1405 ubi
1138 1366 1187 1405 sit
1211 1379 1292 1417 rex,
1320 1366 1586 1417 accipiuntque

167 1433 261 1460 eum
289 1434 445 1462 summo
472 1422 639 1462 diluculo
667 1423 732 1462 filii
751 1424 971 1464 cubiculum
999 1425 1190 1465 introisse.
1229 1425 1428 1465 Accedunt
1454 1431 1585 1465 autem

166 1481 217 1519 ad
245 1481 399 1528 ostium,
437 1482 592 1533 pulsant
632 1482 855 1523 fiducialiter
893 1489 936 1523 ut
978 1484 1090 1524 amici
1130 1490 1168 1524 et
1212 1490 1254 1524 ut
1287 1484 1359 1524 sibi
1393 1485 1585 1536 aperiatur
1603 1483 1657 1523 20

168 1540 376 1590 postulant.
433 1541 518 1580 Rex
547 1554 640 1581 uero
660 1548 702 1581 ut
731 1543 877 1582 audiuit
895 1544 1031 1583 adesse
1059 1543 1216 1592 amicos,
1245 1544 1366 1595 surgit
1392 1544 1466 1583 cito
1494 1557 1583 1584 cum

168 1598 277 1638 uultu
305 1599 457 1650 lugubri
485 1600 616 1652 eisque
648 1602 781 1653 aperit.
837 1602 940 1642 Visis
967 1615 1058 1654 ergo
1086 1603 1219 1643 amicis
1255 1603 1394 1643 iterum
1422 1604 1585 1643 soluitur

167 1657 208 1696 in
245 1658 391 1706 fletum,
431 1660 627 1700 deducunt
664 1661 763 1701 oculi
800 1661 860 1701 sui
905 1662 1082 1702 lacrimas
1119 1667 1157 1702 et
1192 1663 1374 1714 palpebre
1410 1663 1584 1703 defluunt

165 1717 298 1767 aquis3
335 1718 456 1766 dolor,
485 1719 690 1771 singultus,
717 1720 882 1772 suspiria
916 1726 1165 1762 renouantur.
1221 1722 1445 1762 Turbantur
1471 1723 1582 1763 amici

165 1781 347 1828 stantque
364 1777 526 1825 attoniti,
551 1784 709 1830 stupent
727 1780 939 1820 nouitatem
958 1782 1090 1832 reique
1107 1781 1362 1821 mutationem
1380 1782 1580 1822 mirantur.
1601 1780 1653 1819 25

170 1834 421 1876 Sciscitantur
440 1837 531 1888 quid
551 1838 739 1887 acciderit,
769 1840 873 1879 unde
901 1840 1058 1891 pristine
1075 1840 1197 1880 leticie
1225 1847 1332 1880 tanta
1358 1842 1583 1881 successerit

168 1894 337 1935 tristicia.
393 1896 497 1935 Tum
524 1910 594 1936 rex
621 1898 694 1937 ait:
723 1898 757 1938 Ο
785 1899 876 1939 boni
914 1900 1027 1939 amici
1054 1900 1119 1950 qui
1155 1913 1241 1939 mee
1278 1900 1463 1940 felicitatis
1490 1902 1581 1941 huc—

166 1966 290 2004 usque
317 1955 520 2007 participes
548 1956 736 2006 extitistis,
765 1958 894 1998 audite
921 1960 1116 2009 quomodo
1144 1972 1258 1999 uersa
1291 1959 1339 1999 sit
1365 1959 1406 1999 in
1433 1960 1580 2000 luctum

162 2013 325 2063 cythara
352 2027 440 2054 mea
467 2021 505 2054 et
532 2028 725 2067 organum
743 2030 876 2057 meum
904 2018 943 2057 in
973 2031 1090 2058 uocae
1109 2018 1304 2058 flentium!
1360 2018 1580 2070 casumque

162 2071 219 2112 eis
247 2072 311 2112 filii
338 2086 406 2125 per
433 2074 608 2114 ordinem
637 2082 780 2116 narrat.
836 2077 963 2116 Amici
998 2090 1092 2117 uero
1123 2077 1387 2118 consolatoriis
1429 2083 1579 2118 utentes
1597 2076 1652 2115 30

165 2131 294 2171 uerbis
321 2133 511 2184 rogabant
539 2139 582 2173 ut
611 2134 744 2175 innate
772 2135 924 2175 uirtutis
951 2142 1054 2176 esset
1080 2141 1118 2176 et
1146 2149 1196 2176 ne
1223 2137 1397 2188 ampliori
1424 2138 1579 2177 tristicia

161 2190 339 2231 animum
357 2192 596 2241 absorberet,
626 2194 716 2244 quia
734 2194 805 2246 ipsi
825 2195 992 2235 facerent
1011 2201 1054 2236 ut
1072 2196 1171 2236 filius
1189 2196 1329 2236 iterum
1346 2196 1576 2248 loqueretur.

281 2356 304 2390 6
328 2356 555 2400 singulorum
571 2360 597 2392 t.
618 2357 759 2403 OPpV.
779 2377 822 2383 —
843 2359 862 2393 7
881 2362 922 2394 ut
938 2359 1006 2395 hos
1023 2359 1206 2394 maleficos
1223 2369 1351 2394 omnoe
1367 2358 1451 2403 igne
1465 2370 1495 2394 s.
1507 2361 1575 2404 ῙῬ,

162 2411 204 2444 ut
226 2407 294 2444 hos
318 2410 523 2445 maculosos
548 2411 571 2446 i.
585 2422 613 2446 s.
628 2410 707 2447 OV.
724 2431 767 2437 —
788 2412 830 2447 13
843 2412 931 2447 dum
955 2413 1095 2448 uiueret
1112 2412 1307 2458 OPpV.—
1329 2412 1372 2447 14
1383 2412 1512 2448 accidit
1536 2412 1575 2457 V,

160 2461 340 2497 acciderat
362 2462 504 2508 LOPp,
528 2464 698 2501 acciderit
725 2466 827 2502 Com‘.
852 2467 918 2501 Εὐ.
942 2485 990 2491 -
1010 2467 1053 2501 15
1071 2465 1274 2511 suspicione
1285 2465 1364 2502 OV.
1382 2486 1427 2492 —
1444 2467 1575 2510 lssage-

162 2517 288 2550 rentur
311 2515 389 2551 PV.
421 2536 467 2543 -
503 2518 547 2552 18
572 2518 704 2563 percip.
729 2519 787 2553 die
810 2520 900 2555 11⁸⁸.
928 2539 968 2545 —
999 2520 1042 2555 19
1066 2518 1150 2555 Acc.
1181 2522 1266 2554 ante
1289 2518 1447 2554 hostium
1474 2519 1574 2564 opp.

162 2588 209 2594 -—
233 2568 281 2603 24
296 2568 331 2604 d.
349 2568 406 2604 sui
430 2569 554 2606 uultus
577 2582 674 2616 susp.
695 2571 832 2616 OPpV.
860 2590 903 2597 —
928 2573 975 2607 26
1000 2575 1220 2608 successerat
1236 2573 1336 2616 LPp.
1362 2591 1407 2597 —
1431 2572 1573 2608 28aud.

161 2631 275 2665 queso
291 2632 414 2666 quom.
432 2622 588 2667 opV—
605 2634 712 2659 uersa
727 2628 782 2660 aet
799 2625 878 2661 OV.
890 2644 935 2651 -
953 2626 998 2660 29
1015 2625 1054 2660 in
1071 2635 1197 2660 uocem
1213 2625 1574 2661 L.—31utmature

161 2672 244 2709 uirt.
270 2684 301 2709 e.
328 2674 466 2719 OPpV
489 2694 532 2701 —
559 2680 653 2712 aeset
685 2688 763 2713 nec.
789 2678 899 2723 ampl.
924 2682 967 2713 tr.
1000 2678 1040 2719 V,
1065 2689 1095 2713 e.
1128 2688 1196 2713 nec
1226 2677 1353 2713 maiori
1382 2678 1515 2723 tr.,Pp,
1539 2689 1572 2714 e.

163 2737 229 2762 nec
247 2727 357 2772 ampl.
382 2728 507 2764 dolore
534 2728 575 2766 Ο.
589 2750 635 2756 -
647 2731 694 2765 32
718 2730 742 2766 i.
761 2731 945 2766 efficerent
963 2730 1099 2776 OPpV
1111 2749 1153 2756 -—
1168 2731 1299 2767 iterum
1323 2731 1413 2775 rehu
1429 2730 1519 2777 opp
1527 2732 1573 2768 V.

233 2791 419 2827 emulans
436 2794 748 2823 mitteuateinxseher
763 2795 872 2824 Texta.
907 2796 934 2823 5.
969 2789 971 2791 ’
1413 2796 1431 2823 ⁸
