1800 2930
785 151 1059 190 -98-

219 265 279 306 sui
315 266 461 306 cultum
498 264 866 317 uenerationemque
907 266 1106 307 conuertit.
1162 265 1313 315 Quibus
1349 267 1464 307 etiam
1501 273 1637 319 utpote

218 326 345 366 adhuc
372 324 532 365 rudibus
559 329 597 365 et
624 338 647 365 a
675 325 902 377 contagione
931 326 1008 366 uite
1035 325 1174 378 prioris
1202 326 1350 366 infectis
1378 339 1446 378 per
1474 326 1633 378 Moysen

218 384 444 436 prophetam
483 383 603 424 diuini
643 384 769 424 cultus
809 385 1038 426 cerimonias
1065 390 1319 437 preceptaque
1358 386 1492 437 legalia
1527 386 1635 426 uelut

218 443 408 484 elementa
434 443 651 484 sacratioris
679 443 770 483 olim
798 444 924 484 future
952 444 1178 485 eruditionis
1205 445 1396 496 inpressit.
1452 445 1537 494 Que
1570 446 1632 485 lex

173 503 198 542 5
217 516 305 543 cum
335 503 438 543 uelut
466 502 617 543 initium
643 504 840 554 quoddam
876 504 1034 544 luminis
1061 504 1152 544 huic
1180 505 1327 544 mundo
1355 505 1558 544 effulsisset
1595 510 1633 544 et

217 562 345 603 odoris
373 562 431 603 sui
461 562 660 614 fraglantia
692 576 799 603 mare
836 568 873 603 et
909 568 1031 604 terras
1058 564 1172 615 longe
1204 564 1355 614 lateque
1391 565 1631 616 complesset,

216 635 264 662 ex
290 621 375 674 ipsa
401 622 564 662 diuersis
591 622 632 662 in
661 621 764 662 orbis
783 623 956 674 partibus
983 622 1250 675 prudentiores
1270 623 1412 674 quique
1440 624 1634 675 sapientes

215 681 450 733 legislatores
489 682 552 722 uel
592 681 810 734 philosophi
851 683 1026 722 modesta
1067 695 1219 734 queque
1268 688 1305 722 et
1356 683 1630 723 uerecondiora

216 746 395 793 precepta
421 746 536 793 atque
563 742 777 782 honestatis
814 754 858 781 ac
898 741 1045 782 iusticie
1081 742 1236 782 conscia
1274 741 1513 783 auditoribus
1551 742 1631 782 suis

149 799 198 839 10
215 801 399 853 paulatim
435 801 586 841 tradere
625 805 739 852 atque
778 800 976 841 insinuare
1015 806 1213 852 ceperunt,
1254 801 1354 841 feros
1396 807 1433 842 et
1461 808 1633 853 agrestes

214 859 421 900 hominum
447 873 576 900 mores
605 861 653 900 ad
681 861 819 900 decora
845 866 961 911 atque
987 861 1152 901 honesta
1180 861 1355 901 instituta
1390 866 1630 901 reuocantes.

215 919 318 960 Hinc
345 920 536 972 Cecropee
563 925 763 970 cetereque
789 921 892 971 leges
920 925 1170 971 sumpserunt
1196 920 1360 961 initium.
1399 921 1511 961 Tunc
1538 921 1633 960 ami·

215 978 310 1019 citiis
339 979 440 1019 coire
467 978 569 1019 inter
595 992 638 1019 se
665 979 770 1019 uiros
798 984 835 1018 et
863 979 1068 1020 concordie
1095 978 1226 1019 subire
1253 980 1382 1020 federa
1401 981 1629 1028 docuerunt,

215 1043 308 1079 tunc
335 1039 469 1079 iuuare
488 1051 530 1078 se
557 1038 725 1078 inuicem
750 1037 932 1079 homines
959 1044 997 1079 et
1015 1052 1132 1079 usum
1159 1052 1290 1079 rerum
1310 1039 1461 1079 discunt
1488 1041 1635 1079 habere

147 1096 195 1135 15
215 1111 476 1147 communem,
514 1099 637 1138 donec
672 1097 940 1138 huiuscemodi
975 1098 1113 1138 imbuti
1141 1098 1328 1150 preceptis
1365 1098 1443 1150 apti
1481 1099 1557 1139 iam
1594 1105 1631 1139 et

213 1157 336 1209 parati
364 1157 480 1198 etiam
507 1159 555 1198 ad
592 1157 725 1198 diuina
752 1158 888 1198 fierent
924 1157 1099 1198 instituta
1126 1158 1321 1209 patrisque
1361 1160 1536 1198 omnium
1570 1159 1630 1198 dei

214 1217 372 1257 scientie
399 1230 558 1269 capaces
597 1217 817 1257 existerent.
874 1217 974 1257 Cum
1011 1230 1099 1268 ergo
1125 1218 1231 1257 uenit
1265 1222 1417 1269 tempus
1458 1218 1549 1258 illud
1591 1219 1630 1257 in

213 1289 290 1328 quo
318 1276 400 1328 ipse
428 1281 576 1316 creator
602 1276 772 1316 hominis
799 1275 1000 1316 hominem
1037 1277 1226 1317 redimere
1259 1276 1511 1328 disposuerat,
1549 1278 1632 1329 ipse

214 1336 390 1376 omnium
418 1335 606 1375 uirtutum
633 1336 826 1387 magister,
854 1335 936 1388 ipse
964 1349 1092 1376 sermo
1119 1349 1164 1376 ac
1191 1336 1302 1384 ratio,
1330 1341 1368 1376 et
1395 1336 1559 1376 uerbum
1587 1349 1632 1377 ac

142 1393 196 1432 20
213 1395 400 1448 sapientia
436 1396 508 1444 dei,
548 1395 630 1447 ipse
669 1396 735 1446 qui
776 1395 884 1435 initio
922 1409 1011 1435 cum
1044 1401 1152 1447 patre
1189 1396 1390 1435 hominem
1418 1402 1628 1443 creauerat‚

212 1455 294 1507 ipse
320 1455 481 1507 inquam
499 1455 671 1495 humane
690 1460 828 1495 nature
855 1460 1054 1506 assumpta
1072 1455 1288 1495 substantia
1307 1460 1344 1495 et
1362 1455 1488 1507 specie
1508 1456 1631 1495 forme

213 1514 361 1555 seruilis
379 1515 548 1563 indutus,
568 1515 609 1554 in
629 1515 734 1554 nullo
763 1514 916 1566 penitus
943 1516 993 1554 ab
1013 1527 1058 1554 eo
1078 1516 1181 1565 quod
1199 1528 1272 1554 nos
1292 1528 1427 1554 sumus
1447 1515 1628 1554 differens

212 1579 371 1626 excepto
410 1579 579 1626 peccato⁷
625 1579 797 1626 tempore
842 1587 918 1625 quo
955 1574 1121 1614 Romani
1162 1574 1311 1626 imperii
1352 1587 1515 1626 regnum
1557 1574 1631 1614 sub

211 1633 387 1685 Augusto
415 1634 555 1674 Cesare
582 1634 749 1674 nobilius
784 1633 974 1684 latiusque
1007 1647 1239 1685 consurgere
1275 1633 1357 1685 ipse
1398 1634 1628 1685 prestiterat,

141 1690 192 1729 25
211 1693 259 1734 de
286 1693 436 1745 uirgine
469 1698 583 1733 natus
616 1694 723 1733 hunc
759 1694 952 1733 mundum
989 1693 1200 1744 ingreditur
1238 1693 1435 1733 communi
1473 1693 1628 1744 quidem

211 1753 415 1792 nobiscum
442 1752 627 1793 nascendi
655 1753 771 1799 aditu,
800 1754 868 1793 sed
896 1752 1001 1793 nullo
1030 1758 1185 1793 auctore
1212 1753 1413 1804 patefacto.
1467 1753 1543 1801 Qui
1572 1766 1629 1792 se·

211 1813 382 1853 cundum
419 1813 522 1863 quod
559 1813 606 1852 de
642 1825 687 1852 eo
725 1811 910 1852 diuinitus
947 1812 1122 1863 inspirati
1159 1813 1345 1864 prophete
1381 1812 1628 1864 predixerant

210 1871 389 1912 homines
417 1877 618 1923 paternam
652 1871 833 1923 pietatem
869 1872 1012 1912 docens
1049 1884 1167 1922 seque
1201 1873 1316 1911 deum
1357 1877 1393 1911 et
1428 1871 1627 1911 hominem

213 1944 297 1972 esse
315 1931 509 1971 miraculis
528 1931 876 1971 innumerabilibus
896 1930 1149 1971 manifestans
1169 1932 1216 1971 ad
1237 1936 1452 1971 extremum
1474 1944 1542 1982 pro
1571 1944 1629 1971 re·

139 1987 193 2026 30
211 1990 431 2042 demptione
471 1990 635 2030 humani
675 1991 826 2042 generis
869 1996 1035 2030 mortem
1077 1990 1200 2030 crucis
1241 2004 1264 2030 a
1303 1990 1458 2042 perfidis
1502 1989 1628 2030 Iudeis

204 2063 408 2102 perpessus
437 2055 506 2099 est,
535 2063 580 2090 ac
607 2050 668 2090 die
696 2050 806 2090 tertia
833 2063 1039 2102 resurgens
1068 2063 1158 2090 cum
1185 2049 1380 2101 discipulis
1408 2062 1505 2101 quos
1546 2050 1627 2101 ipse

211 2109 283 2150 sibi
319 2115 593 2162 aggregauerat
620 2123 688 2161 per
729 2110 984 2161 quadraginta
1024 2110 1168 2150 mansit
1196 2109 1291 2158 dies,
1320 2122 1560 2149 conuescens
1589 2114 1626 2148 et

211 2169 348 2209 bibens
376 2182 465 2210 cum
502 2169 569 2218 eis,
612 2175 654 2209 ut
689 2182 824 2209 ueram
864 2169 991 2209 carnis
1030 2169 1352 2209 resurrectionem
1393 2169 1625 2215 ostenderet,

210 2229 443 2279 tandemque
470 2229 519 2268 ad
553 2228 829 2280 predicandum
865 2228 1216 2280 baptizandumque
1251 2233 1385 2279 gentes
1421 2227 1626 2278 discipulos

329 2340 390 2385 3s4
413 2340 520 2375 uelud
548 2339 744 2375 clemencia
768 2342 992 2375 sacratorum
1009 2340 1074 2384 Pp,
1099 2315 1208 2374 ueh⁰1d
1226 2337 1421 2374 clemencia
1437 2336 1627 2373 saluatoris

213 2395 251 2436 O,
277 2394 387 2430 uelud
411 2393 600 2429 clementis
626 2393 815 2428 sacratoris
848 2394 888 2428 V.
915 2411 960 2418 -—
986 2393 1009 2428 5
1025 2392 1148 2428 resuls.
1172 2393 1238 2436 Pp.
1266 2409 1307 2416 -
1336 2392 1355 2426 7
1373 2391 1446 2427 diu.
1463 2389 1626 2425 moribus

210 2448 312 2493 prud.
338 2447 469 2493 quibus
493 2446 716 2492 sapientibus
743 2448 812 2491 Pp.
839 2465 882 2471 —
912 2446 957 2482 10
981 2449 1091 2491 atque
1116 2445 1292 2490 inspirare
1307 2445 1372 2489 Pp.
1397 2464 1442 2470 —
1467 2454 1573 2478 seuos
1589 2446 1626 2478 et

209 2513 240 2537 a.
268 2502 399 2548 oPpV.
435 2520 479 2526 —-
516 2501 559 2536 12
584 2500 746 2545 cicropee
772 2501 814 2543 L,
845 2499 997 2545 citropie
1026 2500 1064 2541 0,
1098 2497 1231 2543 cicropi
1256 2499 1320 2543 Pp,
1339 2497 1492 2542 citrapes
1523 2498 1556 2531 V
1579 2517 1623 2523 -—

208 2557 486 2601 suppresserunt
510 2555 554 2590 L.
579 2574 624 2581 -
655 2555 698 2589 16
724 2556 760 2589 et
784 2553 829 2588 ad
857 2554 900 2588 L.
929 2571 969 2578 —
998 2552 1104 2596 21122
1130 2552 1154 2587 f.
1172 2551 1300 2587 similis
1324 2552 1395 2596 Pp;
1426 2554 1463 2586 et
1487 2550 1562 2595 ipse
1586 2550 1624 2585 in

209 2609 328 2645 forma
351 2608 466 2645 uerba
489 2607 616 2643 similis
643 2607 682 2650 Ο,
708 2610 743 2643 et
766 2609 888 2642 nostre
912 2606 1031 2642 forme
1055 2605 1183 2642 similis
1208 2604 1282 2641 ind.
1307 2606 1347 2641 V.
1365 2624 1410 2631 -—-
1428 2604 1470 2639 31
1498 2614 1625 2649 passus

208 2665 263 2699 est
290 2663 412 2708 OPpV
437 2680 481 2687 —
506 2662 612 2705 31132
637 2672 728 2707 quos
752 2670 873 2706 congr.
904 2660 981 2696 OV.
