1800 2930
791 161 1092 200 -100-

235 275 350 316 sentit
379 288 517 316 uerum
543 288 628 315 esse
654 280 829 316 testatur.
885 275 983 316 Tam
1018 275 1123 315 enim
1150 275 1303 316 diuersa
1338 289 1383 316 ac
1419 276 1577 317 dissona
1603 277 1653 316 de

235 335 427 376 creatione
462 334 598 375 mundi
635 334 793 386 eiusque
829 335 1026 375 conditore
1063 340 1282 385 senserunt,
1318 340 1362 376 ut
1388 335 1524 376 merito
1561 348 1649 375 con-

234 396 506 447 dampnentur.
560 394 776 434 Aristotiles
804 394 991 446 siquidem
1019 394 1060 434 in
1087 395 1224 435 mundi
1258 395 1451 435 creatione
1488 400 1652 446 quatuor

234 454 343 507 ponit
370 467 520 503 causas,
547 453 587 494 id
605 458 664 494 est
682 453 870 506 principia
888 459 1080 503 coeterna,
1108 454 1309 495 materiam
1338 454 1481 495 scilicet
1508 460 1546 495 et
1573 455 1651 506 opi-

190 515 215 554 5
235 515 346 554 ficem
365 526 410 554 ac
428 514 606 562 formam,
625 526 742 565 quam
763 513 845 565 ipse
863 514 958 565 ydos
977 518 1103 562 uocat,
1122 514 1373 565 facientisque
1391 514 1650 566 propositum;

232 574 342 614 Plato
371 572 557 625 quinque:
587 572 802 622 materiam,
831 573 1019 624 opificem,
1047 574 1212 613 formam
1238 573 1488 624 facientisque
1515 587 1651 625 propo·

233 632 350 673 situm
378 638 415 672 et
441 633 595 684 ydeam,
624 632 662 672 id
691 637 749 672 est
775 633 989 684 exemplam
1019 632 1132 673 Tales
1151 633 1322 673 Milesius
1341 634 1437 673 duo:
1466 633 1595 684 ignem
1614 638 1651 673 et

232 705 393 744 aquam3
427 692 614 743 Epicurus
647 691 740 731 item
767 692 861 732 duo:
900 692 1018 731 inane
1045 696 1081 731 et
1108 692 1301 740 athomos,
1337 697 1375 732 et
1407 705 1456 732 ex
1484 692 1651 732 athomis

233 757 397 803 quatuor
425 751 616 791 elementa
653 751 754 790 facta
789 750 925 791 asserit
951 751 1220 802 mundumque
1257 750 1341 791 sine
1378 756 1524 791 rectore
1559 764 1652 791 casu

164 812 214 851 10
232 811 348 852 uolui.
405 810 523 850 Cuius
552 810 744 850 sententia
771 809 803 849 si
830 823 925 850 uera
951 815 1066 859 esset,
1095 810 1173 850 iam
1201 811 1349 850 dudum
1376 810 1440 850 hic
1467 812 1652 864 mundus,

233 870 298 922 qui
325 884 371 910 ex
401 869 602 910 contrariis
630 869 803 921 partibus
831 873 994 918 constat,
1022 869 1063 909 in
1091 869 1294 921 antiquum
1322 870 1485 909 redisset
1518 871 1650 910 chaos.

232 931 460 981 Stoycorum
488 934 618 969 autem
645 928 709 969 alii
745 930 822 968 duo
851 928 1037 980 principia
1064 934 1233 981 ponunt:
1278 929 1480 969 materiam
1509 935 1546 969 et
1573 930 1652 981 opi-

232 990 356 1038 ficem,
384 988 447 1029 alii
466 988 539 1029 tria
556 989 618 1029 his
637 994 856 1041 apponunt:
886 994 1037 1040 tempus
1057 989 1225 1040 quando,
1254 989 1384 1028 locum
1403 989 1481 1037 ubi,
1501 994 1650 1029 motum

231 1062 321 1089 cum
349 1061 426 1099 quo
454 1049 550 1088 deus
569 1049 762 1088 mundum
781 1048 937 1088 creauit.
993 1048 1198 1097 Quomodo
1218 1047 1332 1100 igitur
1360 1061 1453 1088 uera
1472 1049 1650 1088 dixerunt

163 1110 212 1149 15
231 1107 296 1160 qui
324 1113 403 1148 tam
432 1107 585 1148 diuersa
612 1111 843 1148 senserunt?
896 1107 985 1147 Non
1004 1107 1110 1147 enim
1129 1120 1267 1147 uerum
1285 1120 1370 1147 esse
1398 1113 1522 1159 potest
1549 1109 1652 1159 quod

231 1167 429 1207 diuersum
458 1171 529 1207 est.

229 1226 461 1315 Lucinius:
491 1226 600 1278 Rogo
619 1231 669 1275 te,
697 1225 762 1274 ait,
791 1238 866 1276 que
884 1225 954 1265 fuit
980 1224 1190 1266 necessitas
1214 1230 1257 1266 ut
1275 1226 1370 1265 deus
1399 1230 1479 1265 tam
1498 1226 1650 1266 crudele

325 1286 460 1326 mortis
479 1299 602 1338 genus
621 1298 692 1337 pro
705 1285 864 1325 homine
882 1290 1087 1337 pateretur,
1108 1298 1198 1325 cum
1217 1285 1346 1337 ipsum
1364 1298 1432 1336 per
1449 1285 1649 1325 hominem

228 1346 293 1386 uel
311 1358 380 1398 per
397 1346 579 1397 angelum
598 1345 760 1386 liberare
779 1344 991 1397 potuisset?
1023 1345 1075 1384 At
1093 1344 1172 1385 ille:
1201 1344 1328 1393 Nulla,
1355 1344 1492 1396 inquit,
1522 1358 1650 1386 neces-

158 1408 211 1447 20
229 1405 323 1445 sitas
351 1406 512 1457 urgebat
540 1406 669 1455 deum,
707 1405 774 1444 sed
812 1417 883 1444 sua
919 1403 1128 1453 miseratio,
1165 1417 1237 1444 sua
1274 1404 1470 1456 dispositio
1507 1405 1576 1445 fuit
1613 1411 1650 1445 et

228 1465 423 1514 uoluntas,
460 1469 503 1505 ut
530 1465 563 1504 is
592 1464 657 1516 qui
685 1465 855 1517 primum
882 1464 1082 1504 hominem
1119 1464 1264 1504 uicerat
1300 1465 1349 1503 ab
1386 1463 1546 1504 homine
1583 1465 1647 1515 qui

229 1525 342 1564 simul
385 1529 488 1564 esset
537 1529 575 1564 et
611 1525 707 1564 deus
744 1524 964 1564 uinceretur
971 1539 982 1572 3
1026 1536 1117 1564 nam
1157 1536 1284 1574 neque
1321 1523 1481 1575 angelus
1524 1537 1650 1574 neque

226 1584 347 1624 homo
367 1583 531 1624 carnalis
543 1585 592 1623 ad
610 1583 685 1623 hoc
704 1583 833 1623 idonei
852 1588 973 1623 erant.
1002 1582 1205 1623 Lucinius:
1221 1583 1344 1632 Certe,
1366 1583 1430 1631 ait,
1446 1583 1648 1635 indignum

227 1643 466 1694 stultumque
493 1642 610 1683 michi
636 1643 789 1683 uidetur
807 1647 850 1682 ut
877 1643 950 1682 hec
969 1643 1064 1682 deus
1092 1655 1162 1694 pro
1189 1642 1349 1682 homine
1375 1642 1551 1694 patiatur.
1592 1642 1645 1683 At

157 1705 208 1744 25
226 1702 307 1743 ille:
335 1703 425 1743 Non
447 1703 523 1743 hoc
551 1703 711 1743 stultum
730 1702 883 1750 dixeris,
897 1698 899 1700 ’
912 1703 979 1742 sed
1000 1701 1125 1754 potius
1145 1702 1407 1754 dignationem
1436 1702 1496 1742 dei
1514 1715 1647 1753 pensa.

226 1762 356 1802 Pensa
382 1762 517 1813 quanti
545 1761 780 1802 estimauerit
806 1761 1008 1802 hominem
1027 1774 1144 1812 quem
1162 1761 1270 1802 nullo
1289 1761 1364 1802 alio
1382 1761 1503 1814 pretio
1531 1775 1648 1812 quam

226 1821 380 1873 proprio
409 1821 600 1873 sanguine
628 1821 817 1861 redimere
844 1820 1021 1861 uoluerit.
1077 1820 1241 1872 Propter
1271 1820 1472 1861 hominem
1509 1821 1649 1873 quippe

225 1881 508 1921 humanitatem
529 1881 739 1932 assumpsit
766 1880 866 1921 ultro
885 1893 958 1920 nec
985 1885 1116 1920 tamen
1136 1880 1300 1932 perdidit
1317 1880 1508 1928 deitatem,
1527 1882 1647 1920 immo

226 1939 354 1992 potius
373 1945 548 1980 nostram
567 1940 758 1981 deificauit
775 1940 1074 1980 humanitatem:
1103 1940 1312 1992 assumpsit
1331 1941 1434 1991 quod
1453 1953 1533 1979 non
1553 1935 1647 1987 erat,

154 2003 208 2042 30
225 1999 371 2040 mansit
411 2004 542 2040 tamen
584 2000 686 2051 quod
722 2004 816 2040 erat.
887 1999 998 2039 Vnde
1037 1999 1232 2051 eleganter
1271 2012 1319 2039 ex
1359 2011 1526 2051 persona
1564 1998 1647 2039 eius

224 2059 436 2111 matrisque
463 2058 625 2111 uirginis
653 2059 811 2111 quidam
838 2072 887 2099 ex
914 2057 1058 2099 nostris
1086 2058 1229 2099 dixisse
1256 2058 1426 2099 uidetur:

279 2118 610 2170 ‘Sum’inquiens
630 2119 765 2170 ‘quod
793 2131 937 2167 eram,
967 2131 1052 2158 nec
1078 2131 1205 2158 eram
1225 2118 1345 2169 quod
1363 2131 1483 2166 sum,
1511 2119 1645 2158 modo

508 2179 662 2218 factus
690 2180 967 2229 utrumque.³

342 2296 365 2331 5
389 2296 518 2341 ydeam
549 2297 591 2331 V.
616 2316 662 2322 —
679 2296 701 2331 6
719 2295 892 2331 artificem
912 2296 953 2331 L.
974 2315 1018 2320 —
1039 2296 1058 2330 7
1073 2295 1178 2331 Tales
1202 2296 1293 2339 fehlt
1309 2296 1413 2340 PpV.
1432 2313 1476 2319 -
1493 2294 1516 2330 8
1533 2294 1642 2339 Epic]

223 2347 414 2394 ciprianus
443 2349 538 2394 oPp.
563 2369 609 2375 —
634 2349 718 2392 9110
742 2359 828 2383 casu
853 2348 928 2393 regi
953 2348 1070 2384 noluit
1098 2349 1175 2383 OV.
1210 2367 1254 2373 —
1289 2348 1332 2383 12
1363 2347 1586 2383 scenicorum
1615 2348 1643 2381 O

224 2422 269 2429 -
295 2401 469 2438 artificem
487 2402 621 2447 LOPp.
648 2422 693 2429 —
721 2402 764 2437 13
782 2402 921 2437 addunt
943 2403 985 2438 V.
1003 2422 1047 2428 —
1066 2402 1113 2437 20
1129 2405 1232 2447 urget
1249 2402 1296 2438 L.
1314 2400 1425 2436 -¹24
1440 2401 1536 2437 stult.
1552 2401 1644 2444 fehlt

226 2456 325 2501 OPp.
343 2474 389 2481 -
405 2456 452 2491 25
465 2460 508 2491 st.
520 2455 611 2501 fehlt
624 2456 667 2490 L.
684 2474 732 2480 -—
748 2455 853 2498 26127
871 2465 982 2500 quam
999 2454 1162 2499 precioso
1179 2466 1207 2490 s.
1225 2465 1291 2490 suo
1308 2455 1412 2499 PpV.
1426 2475 1470 2480 —
1484 2454 1531 2489 28
1547 2454 1641 2489 ultro

228 2510 328 2546 C'om'.
347 2510 418 2554 St.;
442 2509 532 2554 fehlt
554 2510 624 2544 den
649 2509 734 2544 Has.
760 2510 813 2551 (in
836 2509 870 2544 L
893 2509 1142 2551 verstammelt)
1168 2529 1213 2535 —
1232 2507 1457 2543 diuinitatem
1481 2508 1539 2542 dio
1555 2508 1640 2543 Hss.

225 2562 295 2606 (dei
317 2562 394 2607 <ta>
416 2565 491 2598 tem
516 2563 570 2606 L).
598 2580 642 2586 —-
668 2563 714 2598 29
739 2562 845 2598 deific
868 2561 981 2606 <avit>
1005 2563 1048 2605 L,
1073 2561 1255 2598 edificauit
1277 2562 1361 2606 0sp
1370 2562 1409 2597 V.
1436 2579 1481 2586 -
1507 2561 1554 2596 30
1569 2572 1642 2596 ma-

224 2626 315 2652 nens
343 2616 434 2662 oPp
457 2636 502 2643 —
527 2616 616 2662 eleg.
633 2627 709 2652 nur
732 2616 767 2652 L
791 2636 837 2643 —
863 2626 906 2651 ex
931 2618 1032 2661 parte
1056 2614 1192 2660 OPpV.
1220 2635 1265 2642 -
1291 2614 1334 2650 31
1354 2625 1398 2651 ex
1423 2614 1550 2650 uestris
1572 2615 1640 2649 ΟΡ.

224 2689 270 2697 —
296 2670 342 2705 32
367 2679 434 2705 nec
458 2680 557 2706 eram
581 2669 672 2714 fehlt
698 2668 796 2714 opp.
