1800 2930
741 165 1015 204 -95-

174 282 375 331 uidebitur,
404 283 494 334 quia
521 288 558 323 et
576 283 711 324 artifex
729 284 777 323 de
795 283 959 324 stulticia
986 284 1123 325 merito
1150 285 1335 337 arguitur,
1369 286 1400 325 si
1429 286 1588 327 domum

173 342 259 381 ideo
286 342 388 382 male
414 342 575 388 edificet.
602 348 644 382 ut
670 342 862 383 reedificet
887 343 1050 395 lapsam.

175 400 276 489 Vir
302 402 447 441 domini
474 402 693 454 respondit:
722 401 827 442 Deus
854 402 1055 443 hominem
1088 403 1204 443 talem
1231 403 1412 452 condidit,
1451 410 1492 444 ut
1520 405 1587 444 im-

270 461 442 501 mortalis
470 473 698 513 permanere
725 466 867 512 posset,
896 461 928 500 si
956 461 1083 502 uellet.
1137 462 1249 502 Dedit
1287 463 1391 502 enim
1418 463 1454 503 ei
1480 477 1588 503 man-

172 520 323 568 datum,
365 521 443 560 duo
470 519 505 560 ei
542 520 757 560 obedientie
797 520 858 560 uel
885 520 1143 561 inobedientie
1179 534 1403 572 proponens
1430 523 1588 573 premia,
1634 523 1660 560 5

172 579 459 619 immortalitem
486 579 628 619 scilicet
655 584 693 619 et
720 585 909 619 mortem:
939 579 1059 619 uitam
1088 579 1120 619 si
1148 581 1376 620 mandatum
1403 587 1589 629 seruaret,

172 643 337 678 mortem
364 638 397 678 si
425 639 643 690 negligeret.
685 639 790 678 Inter
816 638 888 678 hec
906 639 985 678 duo
1012 651 1103 678 eum
1122 644 1164 678 ut
1185 639 1237 679 ita
1263 639 1390 679 dicam
1419 641 1589 680 medium

173 697 310 748 posuit,
339 697 503 738 liberum
531 698 632 738 dans
659 698 693 738 ei
721 698 936 746 arbitrium,
964 703 1007 738 ut
1034 711 1115 738 non
1143 704 1310 746 coactus,
1340 700 1408 739 sed
1436 705 1589 750 sponta-

172 769 270 796 neus
295 757 462 796 duorum
490 757 653 797 alterum
691 757 858 808 eligeret,
895 757 1018 808 gratia
1057 763 1289 809 cooperante
1330 770 1406 809 qua
1443 764 1590 799 teneret

171 815 308 856 melius
335 821 374 856 et
400 816 594 856 resisteret
621 816 810 856 deteriori.
867 817 1011 874 Verum
1038 817 1159 856 horno
1188 817 1308 857 libero
1347 817 1448 857 male
1476 823 1588 858 utens
1612 817 1660 855 10

169 874 339 923 arbitrio,
381 875 486 915 nulla
513 875 742 915 necessitate
777 881 949 927 cogente,
987 876 1094 916 nullo
1121 876 1353 927 impellente,
1390 876 1588 917 ultroneus

168 947 279 974 arma
318 947 390 975 sua
434 935 471 974 id
512 940 570 975 est
606 935 768 986 gratiam
808 935 867 975 dei
905 935 1095 986 proiciens
1137 936 1360 987 temptantis
1405 936 1589 976 suasoriis

171 994 367 1034 consensit
413 994 555 1034 uerbis.
623 994 699 1044 Qui
741 994 774 1034 si
816 995 1017 1046 temptanti
1054 995 1334 1046 aliquantulum
1374 996 1587 1040 restitisset,

168 1053 298 1093 statim
326 1066 374 1094 ex
402 1054 604 1094 occasione
631 1053 848 1094 obedientie
880 1077 927 1083 —-
962 1054 1085 1104 querit
1112 1054 1216 1094 enim
1244 1054 1465 1094 occasiones
1492 1055 1588 1094 deus

167 1112 308 1162 quibus
326 1113 505 1153 homines
515 1113 613 1153 iuste
631 1113 816 1165 glorificet
829 1113 908 1153 -in
928 1113 1127 1153 meliorem
1139 1114 1407 1153 transferretur
1425 1114 1587 1164 gradum
1611 1112 1658 1151 15

169 1172 537 1223 confirmareturque
564 1173 604 1212 in
633 1174 750 1221 bono,
778 1174 1107 1223 quemadmodum
1135 1178 1172 1212 et
1200 1173 1291 1212 boni
1324 1172 1449 1223 angeli
1477 1173 1587 1212 malis

170 1231 371 1271 ruentibus
400 1232 615 1272 confirmati
643 1237 748 1279 sunt,
786 1232 971 1282 fieretque
999 1232 1084 1271 talis
1120 1232 1223 1283 quod
1261 1232 1336 1271 iam
1371 1231 1469 1271 mori
1506 1244 1586 1271 non

168 1295 311 1341 posset.
367 1291 444 1331 Sed
486 1292 575 1342 quia
612 1292 841 1331 mandatum
878 1291 939 1331 dei
975 1291 1140 1331 scienter
1175 1296 1213 1331 et
1250 1291 1333 1330 sine
1362 1291 1587 1330 necessitate

167 1350 379 1401 preteriuit,
407 1350 509 1391 iusto
537 1351 597 1391 dei
626 1350 764 1391 iudicio
790 1352 1024 1402 dampnatus
1052 1356 1122 1391 est.
1163 1350 1285 1390 Porro
1318 1350 1467 1401 lignum
1495 1350 1586 1389 illud

169 1409 324 1449 scientie
352 1410 444 1449 boni
472 1416 510 1450 et
537 1410 627 1451 mali
667 1424 747 1450 non
775 1412 824 1451 ad
852 1410 1006 1450 ruinam
1042 1410 1225 1457 hominis,
1262 1410 1331 1449 sed
1363 1410 1412 1449 ad
1448 1409 1584 1460 glorifi-
1605 1408 1658 1447 20

168 1469 360 1509 cationem
398 1470 614 1522 plantatum
652 1475 723 1518 est,
766 1475 809 1509 ut
849 1483 918 1521 per
955 1470 1229 1510 abstinentiam
1270 1469 1352 1508 eius
1391 1469 1584 1519 amplioris

167 1528 286 1580 glorie
313 1529 526 1569 efficeretur
553 1529 704 1581 dignus.
759 1529 946 1569 Praeciuit
974 1534 1105 1569 tamen
1132 1530 1228 1569 deus
1255 1541 1436 1568 casurum
1462 1528 1584 1567 homi-

170 1601 274 1635 nem,
316 1601 397 1628 non
425 1594 555 1628 autem
583 1588 847 1640 preordinauit
874 1601 1000 1639 neque
1028 1588 1160 1637 uoluit,
1200 1588 1320 1627 immo
1348 1588 1422 1627 sub
1450 1587 1583 1626 mortis

168 1647 481 1688 interminatione
507 1648 704 1700 prohibuit
729 1653 939 1700 peccatum,
969 1648 1071 1699 quia,
1095 1660 1185 1687 cum
1210 1647 1259 1687 sit
1278 1659 1431 1686 summe
1458 1647 1583 1686 bonus

169 1706 318 1746 nullum
336 1707 484 1748 malum
499 1708 595 1756 uult,
623 1708 706 1747 uult
718 1713 849 1747 autem
862 1720 980 1747 omne
994 1708 1155 1748 bonum.
1191 1706 1291 1747 Cum
1304 1706 1418 1758 igitur
1432 1719 1584 1745 summe
1603 1703 1654 1741 25

168 1766 294 1806 bonus
322 1766 371 1806 sit
398 1767 506 1814 deus,
535 1772 594 1806 est
621 1766 738 1807 etiam
764 1766 1013 1818 omnipotens
1041 1771 1079 1806 et
1105 1778 1259 1806 summe
1286 1765 1422 1812 iustus,
1459 1765 1583 1804 iustus

170 1830 302 1866 autem
330 1826 383 1865 nil
411 1839 526 1878 agere
552 1832 619 1866 aut
647 1826 746 1866 uelle
772 1831 898 1878 potest
925 1826 998 1865 nisi
1027 1826 1130 1876 quod
1149 1825 1310 1865 omnino
1338 1825 1483 1864 iustum
1510 1830 1581 1864 est.

168 1885 538 1937 Quantumcumque
586 1898 677 1936 ergo
724 1898 878 1925 summe
916 1885 1045 1925 bonus
1086 1891 1124 1925 et
1164 1898 1319 1924 summe
1358 1888 1496 1935 potens
1535 1883 1584 1922 sit

166 1945 275 1993 deus,
303 1945 428 1986 nichil?
449 1950 580 1984 tamen
598 1958 712 1996 agere
738 1950 805 1984 aut
833 1945 932 1984 uelle
950 1949 1076 1996 potest
1095 1943 1168 1983 nisi
1195 1944 1299 1994 quod
1332 1955 1403 1982 sua
1430 1955 1584 1982 summa

168 2003 368 2044 dictauerit
395 2004 557 2045 iusticia.
612 2004 825 2045 Hominem
852 2009 983 2044 autem
1017 2004 1180 2043 liberare
1206 2003 1351 2042 iustum
1393 2014 1474 2041 non
1501 2006 1583 2041 erat
1600 1997 1656 2036 30

167 2063 233 2114 qui
274 2064 440 2103 scienter
474 2069 512 2104 et
543 2069 682 2116 sponte
717 2063 899 2115 peccauit.
953 2063 1041 2102 Non
1070 2062 1193 2114 potuit
1228 2074 1320 2113 ergo
1345 2073 1416 2100 nec
1462 2060 1583 2100 uoluit

167 2124 262 2163 deus
280 2124 481 2163 bominem
501 2136 746 2169 conseruare,
762 2122 852 2173 quia
871 2123 1015 2162 iustum
1035 2134 1115 2161 non
1134 2121 1204 2161 fuit
1228 2126 1271 2161 ut
1283 2121 1391 2160 illum
1411 2124 1582 2159 seruaret

169 2183 234 2235 qui
260 2196 303 2223 se
329 2183 456 2234 ipsum
485 2182 677 2223 custodire
712 2182 847 2222 leuiter
879 2181 1001 2233 gratia
1036 2185 1266 2232 cooperante
1302 2184 1462 2231 poterat.
1519 2178 1581 2217 Sic

166 2243 296 2294 itaque
322 2243 394 2282 dici
418 2248 543 2294 potest
560 2242 807 2294 omnipotens
835 2255 949 2292 posse
967 2246 1004 2280 et
1032 2254 1110 2280 non
1141 2253 1265 2291 posse,
1294 2239 1393 2279 uelle
1410 2243 1448 2278 et
1467 2238 1581 2284 nolle,

287 2400 303 2433 1
331 2401 503 2442 arguetur
524 2398 599 2443 pV.
626 2416 670 2422 —
696 2398 719 2432 3
742 2397 845 2432 Tunc
870 2396 926 2431 vir
948 2396 983 2431 d.
1000 2406 1029 2431 r.
1057 2395 1190 2439 OspV.
1216 2412 1262 2418 —
1287 2392 1309 2426 6
1334 2395 1370 2427 et
1386 2390 1580 2427 mortalita-

167 2456 242 2488 tem
279 2452 355 2487 OV.
393 2471 440 2478 —
478 2452 516 2486 11
555 2451 655 2486 nullo
687 2449 938 2495 interpellante
974 2448 1109 2493 OPpV.
1148 2468 1192 2473 -
1234 2446 1277 2481 14
1300 2455 1375 2481 occ.
1401 2443 1581 2479 obedisset

170 2506 310 2550 OPpV.
339 2523 387 2530 —
422 2506 466 2540 15
490 2504 661 2540 clarificet
688 2505 717 2538 O
746 2523 793 2528 —
823 2502 912 2547 glor.
932 2505 972 2537 ut
995 2502 1034 2537 in
1058 2501 1187 2536 melius
1210 2498 1472 2535 transferantur
1496 2506 1579 2540 gau·

166 2558 268 2594 dium
295 2559 429 2603 OPpV.
454 2577 498 2583 —
527 2558 630 2600 16117
656 2567 738 2601 ang.
756 2556 938 2592 mentibus
962 2554 1067 2590 malis
1091 2553 1184 2589 conf.
1203 2553 1274 2597 Pp.
1292 2571 1336 2576 —
1354 2551 1395 2586 21
1414 2548 1579 2594 ampliori

168 2612 283 2656 gloria
309 2613 440 2656 OspV.
477 2632 522 2637 —
560 2611 608 2646 28
631 2610 778 2654 Quanto
810 2620 897 2653 ergo
936 2608 1037 2652 0Pp3
1074 2606 1303 2651 Quamquam
1337 2604 1411 2638 will
1434 2603 1501 2638 Εὸ.
1532 2619 1577 2626 -—

167 2666 214 2700 32
239 2668 472 2700 conseruaret
499 2665 576 2701 OV.
601 2682 646 2690 —-
671 2664 719 2699 34
743 2666 778 2699 et
802 2673 876 2698 non
902 2662 994 2697 velle
1021 2661 1155 2705 OPpV.
