1800 2930
837 121 1111 160 „42-

267 236 403 276 fuisses
432 241 560 285 natus,
590 249 805 287 numquam
833 249 897 275 me
924 241 990 276 tua
1018 236 1234 276 letificasset
1263 235 1454 283 natiuitas,
1485 235 1548 286 qui
1567 235 1682 274 michi

267 301 323 336 tot
356 296 560 344 malorum,
612 301 667 335 tot
701 296 996 346 obprobriorum
1034 301 1167 335 auctor
1207 295 1358 334 futurus
1409 299 1515 334 eras!
1585 295 1683 334 Vere

267 355 418 395 fallaces
437 355 696 396 mathematici
724 355 918 406 diuinique
937 357 1156 403 mendaces,
1186 355 1249 406 qui
1269 361 1317 403 te,
1339 354 1401 403 fili,
1431 359 1682 406 regnaturum

268 415 487 467 summique
515 415 716 455 cuiusdam
745 415 804 455 dei
833 416 1019 455 cultorem
1047 416 1220 455 futurum
1249 415 1514 467 predixerant!
1556 413 1683 454 Nichil

220 475 247 513 5
267 475 409 515 sinistri
436 480 474 515 te
502 480 680 515 acturum
705 474 831 514 testati
860 480 963 524 sunt,
993 476 1060 515 sed
1079 475 1294 526 sapientem
1323 474 1597 526 philosophum
1624 473 1682 512 in-

267 534 458 585 sidiasque
485 534 705 574 inuidorum
724 548 931 586 passurum
959 534 1224 587 predixerunt3
1256 547 1327 573 nec
1346 547 1413 573 eos
1441 534 1481 573 in
1509 535 1584 573 hoc
1611 546 1682 573 sua

267 594 393 634 fefellit
430 608 504 634 ars,
577 595 622 634 Et
660 595 853 645 quomodo
895 594 934 633 in
978 594 1059 633 aliis
1097 594 1244 634 mentiti
1285 598 1388 641 sunt,
1431 593 1493 644 qui
1531 593 1570 632 in
1607 593 1683 632 hoc

267 666 404 693 uerum
433 654 638 694 dixerunt?
676 654 791 697 Anne
818 653 889 693 iste
917 659 1008 693 sunt
1036 653 1172 693 insidie
1199 667 1295 704 quas
1325 653 1391 692 tibi
1419 654 1566 692 futuras
1587 653 1682 692 uati-

266 713 380 753 cinati
409 718 525 754 sunt?
579 714 640 754 Ad
678 715 749 753 hec
785 714 904 753 uerba
942 714 1075 764 regina
1118 713 1252 752 maiori
1294 726 1480 752 succensa
1517 713 1605 763 igne
1644 717 1683 752 et

196 770 248 810 10
266 773 393 813 furore
421 773 545 813 acrior
571 773 688 813 instat
717 778 865 813 testans
893 774 985 812 deos
1014 786 1229 824 numquam
1265 786 1307 812 se
1334 773 1441 812 illum
1479 773 1526 811 de
1554 777 1682 812 cetero

266 846 335 884 pro
369 846 457 884 rege
493 833 726 880 habituram,
765 846 981 884 numquam
1021 839 1264 884 recepturam
1302 833 1411 871 illum
1446 832 1484 871 in
1521 831 1680 882 gremio,

267 892 339 932 nisi
367 893 473 943 prius
509 893 663 944 plenam
691 892 879 932 iusticiam
918 893 965 932 de
1000 892 1103 932 illata
1141 892 1372 932 contumelia
1409 897 1679 942 consequatur.

265 952 380 991 Pater
420 965 573 1003 quoque
614 957 652 992 et
699 953 834 992 fratres
876 952 1104 1003 cognatique
1144 952 1275 1003 ipsius,
1323 965 1432 1002 reges
1469 951 1610 991 scilicet
1644 956 1682 990 et

265 1011 454 1062 principes
484 1011 547 1062 qui
575 1013 747 1060 aderant,
777 1017 999 1051 constanter
1027 1012 1066 1050 in
1096 1012 1267 1051 medium
1306 1011 1545 1062 prosilientes
1574 1011 1682 1050 aiunt

198 1068 245 1108 15
265 1083 308 1110 se
344 1071 500 1121 quidem
534 1072 662 1111 dolere
697 1085 813 1122 super
847 1071 946 1122 regis
989 1071 1153 1119 fortuna,
1193 1071 1295 1110 nolle
1333 1076 1463 1110 tamen
1501 1070 1681 1109 iniuriam

263 1130 338 1170 filie
366 1144 435 1170 sue
462 1144 622 1171 manere
650 1131 824 1179 inultam,
854 1131 1054 1181 presertim
1088 1144 1178 1170 cum
1207 1144 1274 1170 rex
1302 1130 1460 1170 insidias
1496 1130 1681 1181 suspicari

264 1190 439 1230 uideatur
475 1203 548 1230 nec
581 1192 711 1230 credat
744 1190 915 1230 uestibus
953 1191 1196 1240 uultibusque
1231 1190 1406 1230 laceratis
1445 1202 1516 1229 nec
1556 1189 1681 1229 cruori

263 1249 452 1298 mananti,
489 1263 564 1300 que
592 1250 685 1290 satis
718 1263 786 1301 per
823 1264 865 1289 se
902 1250 1035 1301 regina
1073 1254 1222 1289 tacente
1250 1250 1398 1289 Lucinii
1438 1249 1587 1288 facinus
1621 1262 1680 1288 ac-

264 1314 456 1349 cusarent.
512 1309 564 1349 At
591 1323 685 1349 uero
713 1309 794 1360 ipse
822 1308 881 1349 cui
911 1323 1024 1349 mens
1054 1310 1152 1349 bene
1181 1309 1349 1357 conscia,
1378 1308 1495 1348 nichil
1524 1322 1681 1359 respon-

190 1366 247 1405 20
265 1370 380 1408 debat
399 1370 446 1408 ad
474 1369 547 1409 hec
566 1369 699 1409 omnia
726 1370 844 1421 patris
873 1369 1104 1420 illorumque
1124 1369 1245 1408 uerba
1264 1382 1335 1408 nec
1363 1369 1531 1408 colorem
1559 1368 1680 1408 eciam

263 1427 429 1468 mutauit
470 1442 542 1468 nec
577 1428 727 1477 faciem,
764 1429 815 1468 ita
844 1434 886 1469 ut
923 1442 970 1468 ex
999 1430 1074 1468 hoc
1101 1442 1238 1468 omnes
1282 1433 1434 1479 cogeret
1470 1427 1681 1468 ammirari.

263 1487 466 1584 Quantus
494 1502 626 1539 queso,
656 1502 679 1528 o
697 1490 828 1537 lector⁷
857 1494 950 1528 tunc
977 1489 1164 1528 tumultus
1185 1488 1462 1539 conflictusque
1489 1487 1530 1526 in
1549 1487 1681 1527 animo

350 1548 451 1599 regis
480 1549 718 1597 uersabatur,
748 1550 841 1588 dum
882 1548 988 1588 illum
1017 1548 1166 1588 iusticia
1193 1549 1241 1587 ad
1276 1547 1517 1599 puniendum
1556 1548 1681 1587 scelus

262 1607 486 1659 impelleret,
516 1614 700 1659 paternus
729 1622 821 1648 uero
850 1609 1008 1648 affectus
1037 1608 1246 1647 inflecteret
1274 1609 1322 1647 ad
1348 1606 1678 1647 misericordiam?

189 1667 244 1706 25
263 1667 364 1716 Quid
393 1673 533 1719 ageret,
563 1681 652 1707 cum
680 1681 722 1707 se
749 1668 878 1719 ipsum
907 1673 1054 1719 patrem
1083 1680 1291 1718 regemque
1319 1671 1523 1707 cerneret?
1577 1667 1680 1706 Alte·

263 1740 352 1766 rum
380 1727 485 1766 enim
513 1727 827 1776 misericordiam,
857 1728 1020 1767 alterum
1040 1727 1223 1767 iudicium
1251 1726 1379 1777 exigit.
1419 1726 1495 1766 Sed
1523 1727 1681 1766 tandem

264 1786 394 1826 uirtuti
422 1788 582 1827 cedente
609 1787 746 1827 affectu
768 1787 925 1839 precipit
953 1801 1020 1827 rex
1049 1786 1291 1838 principibus
1311 1786 1478 1825 iudicare
1507 1786 1682 1836 ferreque

263 1846 514 1895 sentenciam,
545 1860 620 1898 qua
641 1847 815 1886 uidelicet
833 1852 958 1886 morte
976 1852 1077 1886 esset
1098 1847 1197 1885 filius
1225 1845 1458 1897 puniendus.
1502 1845 1559 1885 Illi
1587 1857 1681 1884 uero

263 1905 448 1957 aliquanti
477 1906 662 1959 temporis
693 1907 917 1946 dilationem
944 1911 1118 1958 petentes
1147 1919 1194 1946 ex
1229 1905 1383 1945 licentia
1419 1905 1518 1956 regis
1553 1905 1592 1943 in
1623 1918 1681 1944 se-

191 1971 246 2010 30
264 1971 413 2006 cretum
442 1967 627 2006 secedunt
655 1967 795 2014 locum,
826 1971 1048 2006 scrutantur
1077 1965 1277 2005 Romanas
1307 1978 1374 2016 per
1402 1965 1554 2016 singula
1582 1964 1680 2015 capi-

264 2026 344 2065 tula
370 2026 473 2077 leges
493 2026 775 2077 inueniuntque
803 2027 910 2066 hunc
929 2026 1045 2066 talem
1065 2026 1146 2065 fore
1165 2025 1319 2076 ignibus
1339 2025 1679 2064 concremandum.

265 2085 339 2125 Sed
379 2086 465 2137 quis
500 2086 644 2126 liberos
681 2087 832 2126 habens
874 2085 1078 2136 sciensque
1117 2089 1285 2136 quantus
1319 2084 1419 2124 inter
1458 2089 1606 2135 patrem
1644 2088 1681 2123 et

382 2198 406 2233 4
430 2209 459 2233 s.
476 2198 570 2234 iouis
583 2202 618 2234 te
637 2198 720 2234 cult.
739 2210 791 2244 pr.
822 2199 860 2235 O.
879 2219 924 2224 —
943 2198 1002 2241 516
1020 2197 1088 2233 ins.
1105 2197 1337 2233 inimicorum
1355 2196 1485 2242 OPpV.
1500 2217 1546 2223 —
1563 2197 1585 2231 9
1599 2196 1681 2240 igne

264 2253 299 2286 et
322 2251 412 2295 fehlt
438 2253 480 2287 L.
507 2273 552 2278 —
586 2253 626 2287 11
654 2255 881 2297 recepturam
915 2252 1014 2287 Com'.
1029 2252 1092 2294 St„
1123 2254 1352 2296 recepturum
1378 2251 1435 2285 die
1459 2250 1544 2285 Has.
1570 2268 1617 2273 —
1641 2248 1680 2284 in

263 2315 374 2350 regno
413 2307 497 2350 oPp
508 2307 550 2342 V.
577 2325 622 2331 —-
652 2307 694 2341 12
720 2307 764 2342 de
795 2306 856 2341 illa
887 2308 982 2340 cont.
1012 2305 1143 2350 OPpV.
1169 2323 1215 2329 —
1250 2305 1296 2339 ·14
1328 2303 1519 2350 prosiliunt
1543 2303 1680 2338 aientes

267 2358 398 2403 OPpV.
437 2380 482 2385 —
523 2360 566 2394 15
597 2359 795 2395 infortunio
830 2358 934 2405 PpP‘,
971 2359 1157 2394 infortuna
1185 2359 1223 2392 O.
1258 2378 1303 2384 —
1346 2358 1385 2392 17
1421 2356 1533 2392 credit
1563 2357 1606 2391 L.
1634 2377 1678 2383 —

267 2412 310 2447 19
335 2412 421 2447 boni
451 2424 482 2449 c.
520 2413 559 2457 O,
591 2413 711 2448 nichil
733 2413 824 2457 fehlt
858 2413 952 2457 OPp.
991 2431 1031 2438 —
1069 2412 1116 2447 20
1140 2422 1206 2446 nec
1238 2411 1303 2446 col.
1331 2413 1420 2445 mut.
1446 2421 1513 2445 nec
1547 2410 1678 2445 faciem

267 2466 351 2511 01²1)
362 2466 403 2502 V.
434 2487 478 2493 —
508 2467 551 2502 21
580 2470 793 2511 cogerentur
822 2467 907 2511 OPp
918 2466 959 2502 V.
993 2484 1030 2490 --
1065 2465 1110 2499 22
1128 2465 1305 2509 fletusque
1322 2464 1405 2509 0121)
1416 2465 1458 2500 V.
1488 2482 1527 2488 —-
1555 2464 1601 2498 23
1625 2463 1679 2498 in·

263 2520 402 2555 stancia
430 2521 514 2565 oPp
525 2521 567 2557 V.
594 2540 638 2546 —
665 2520 711 2555 24
736 2520 781 2555 ad
806 2519 991 2555 miseriam
1018 2519 1126 2554 LPV.
1161 2537 1204 2544 —
1235 2519 1281 2553 25
1306 2517 1425 2563 ipsum
1449 2517 1538 2560 fehlt
1564 2517 1607 2551 L.
1633 2537 1678 2544 -

264 2573 310 2608 26
342 2573 588 2610 misericordia
620 2573 696 2610 LV
729 2595 773 2600 —
811 2573 919 2619 exigit
950 2573 1017 2617 far
1039 2571 1156 2617 diligit
1189 2572 1255 2606 der
1288 2572 1374 2606 Hss.
1401 2569 1501 2606 Cone.
1529 2571 1595 2605 Eb.
1635 2588 1677 2594 —

264 2627 311 2663 30
335 2638 402 2664 scr.
428 2638 493 2673 per
516 2638 544 2663 s.
571 2639 601 2663 e.
627 2627 806 2663 humanas
830 2627 928 2672 leges
952 2637 1043 2662 rom.
1065 2627 1158 2670 OPp.
1187 2644 1229 2650 -
1256 2625 1297 2660 31
1319 2624 1607 2660 consumendum
1634 2623 1678 2659 P.
