1800 2930
801 174 1074 213 ...ες-

230 291 325 331 iuris
351 291 557 342 legumque
585 289 749 342 peritum
786 289 869 328 fore
895 301 940 328 ac
967 288 1195 328 iudiciorum
1228 287 1407 328 subtilem
1444 287 1651 339 inuestiga-

230 356 365 391 torem.
407 349 573 391 Gauisus
600 362 669 389 rex
688 349 794 388 iubet
821 347 926 387 illam
946 361 1063 398 quam
1082 349 1241 399 putabat
1259 347 1420 387 militem
1439 347 1651 387 consedere

231 409 304 450 sibi
331 422 567 460 causamque
594 409 694 448 inter
720 407 933 459 loripedem
959 412 998 447 et
1023 407 1205 447 iuuenem
1233 411 1427 447 uersatam
1464 405 1516 446 illi
1545 419 1649 445 com-

229 469 345 509 mittit
371 468 672 509 terminandam.
727 467 779 507 At
814 467 888 506 illis
915 466 1062 506 uocatis
1095 467 1289 517 utrimque
1316 465 1508 518 partibus:
1546 466 1649 514 Tibi,

185 529 210 568 5
228 528 366 580 inquit,
394 541 417 568 o
443 527 595 579 loripes,
625 527 838 567 secundum
860 525 959 577 regis
988 525 1282 578 principumque
1309 524 1542 565 sententiam
1561 525 1649 565 licet

229 589 278 629 de
305 601 422 628 carne
457 587 609 627 iuuenis
646 591 804 626 centum
839 598 1057 625 marcarum
1087 586 1237 637 pondus
1275 585 1435 625 auferre.
1493 585 1569 624 Sed
1605 584 1645 624 in

227 648 305 688 hoc
331 647 423 698 quid
441 646 651 687 lucraberis
672 645 746 698 nisi
764 650 930 684 mortem
958 644 1132 693 forsitan,
1162 645 1194 684 si
1214 644 1394 684 iuuenem
1416 644 1651 684 interficias?

229 706 366 747 Melius
394 711 453 746 est
480 711 523 746 ut
550 719 620 757 pro
640 718 685 744 eo
715 704 935 756 septuplum
963 704 1125 756 pecunie
1153 709 1218 743 aut
1238 704 1442 755 decuplum
1470 703 1646 754 accipias.

228 766 294 806 Ille
321 771 452 806 autem
471 766 604 805 decem
623 764 740 804 etiam
767 777 986 803 marcarum
1006 763 1113 803 milia
1140 776 1182 803 se
1200 768 1448 814 accepturum
1468 762 1646 813 negabat.

161 827 211 866 10
228 826 296 866 Illa
340 830 470 865 autem
508 824 671 864 linteum
705 822 1024 863 candidissimum
1070 821 1175 862 iubet
1221 822 1346 862 afferri
1387 821 1649 872 iuuenemque

228 886 419 924 nudatum
448 888 557 923 ueste
575 883 834 933 manibusque
853 895 898 922 ac
916 882 1078 933 pedibus
1104 882 1265 933 ligatum
1285 881 1439 921 extendi
1467 882 1645 932 desuper.

228 945 315 993 Quo
343 945 460 983 facto:
488 942 670 991 Abscide,
690 942 743 982 ait
770 941 941 993 loripedi,
962 954 1206 992 quocumque
1225 940 1392 980 uolueris
1412 941 1647 980 ferramento

227 1016 449 1043 marcarum
486 1007 640 1042 tuarum
678 1002 844 1053 pondus.
901 1001 1045 1040 Verum
1086 1000 1117 1040 si
1161 1000 1246 1052 plus
1279 1005 1346 1040 aut
1382 999 1512 1039 minus
1546 1000 1647 1039 iusto

228 1064 401 1114 pondere
429 1063 479 1102 ad
508 1061 762 1112 quantitatem
790 1059 960 1112 cuspidis
988 1073 1103 1100 accus
1131 1060 1222 1099 inde
1249 1059 1381 1099 tuleris
1418 1060 1479 1099 uel
1508 1059 1539 1098 si
1568 1072 1648 1098 una

160 1124 210 1164 15
229 1121 429 1173 sanguinis
466 1126 574 1173 gutta
600 1120 771 1160 infecerit
807 1120 983 1171 linteum,
1024 1133 1112 1159 cum
1150 1119 1309 1170 sanguis
1347 1118 1565 1158 substantia
1599 1117 1650 1158 sit

229 1180 398 1229 iuuenis,
427 1180 527 1221 scias
555 1186 593 1220 te
620 1180 805 1220 continuo
833 1180 935 1219 mille
963 1179 1152 1219 mortibus
1182 1179 1453 1230 perimendum
1481 1177 1646 1229 discerp-

227 1245 388 1291 tumque
406 1239 446 1279 in
464 1239 570 1280 mille
589 1240 710 1279 frusta
727 1239 809 1279 fore
836 1252 965 1279 escam
985 1238 1196 1278 bestiarum
1217 1243 1254 1277 et
1272 1238 1416 1285 auium,
1446 1242 1649 1287 totumque

228 1313 351 1351 genus
370 1305 482 1340 tuum
500 1299 615 1339 simili
643 1299 832 1340 sententie
853 1298 1065 1338 subiacebit
1085 1310 1223 1347 resque
1243 1303 1307 1337 tue
1335 1297 1645 1348 publicabuntur.

227 1360 342 1400 Hanc
368 1359 430 1400 ille
457 1358 682 1399 horribilem
702 1371 964 1409 expauescens
994 1356 1244 1397 sententiam:
1275 1357 1481 1405 Quoniam,
1510 1355 1648 1406 inquit,

156 1423 210 1462 20
226 1420 359 1459 nullus
397 1423 456 1458 est
491 1418 697 1458 hominum
731 1422 890 1469 excepto
925 1418 995 1456 deo
1035 1416 1099 1467 qui
1132 1416 1185 1455 ita
1230 1429 1393 1455 manum
1426 1415 1649 1455 modificare

227 1478 360 1531 possit,
391 1478 485 1530 quin
524 1478 610 1529 plus
639 1477 820 1517 minusue
849 1477 1005 1522 auferat,
1034 1476 1126 1516 huic
1153 1476 1300 1515 incerto
1328 1489 1392 1515 me
1421 1475 1648 1514 submittere

227 1539 366 1579 nolens
394 1538 575 1578 iuuenem
614 1538 776 1577 absoluo
812 1536 1037 1587 dimittoque
1064 1536 1251 1584 debiturn,
1292 1535 1396 1575 mille
1433 1534 1466 1574 ei
1495 1547 1647 1574 marcas

227 1611 297 1650 pro
325 1596 633 1638 reconciliatione
661 1597 937 1648 superaddens.
996 1596 1059 1635 Sic
1087 1609 1177 1647 ergo
1211 1594 1363 1634 iuuenis
1397 1593 1531 1634 uxoris
1558 1607 1649 1645 pru-

228 1657 359 1699 dentia
385 1657 568 1697 liberatus
596 1657 696 1696 letus
724 1657 772 1696 ad
801 1656 956 1707 propria
982 1655 1181 1695 remeauit.
1208 1677 1255 1684 —
1275 1654 1372 1703 Quis
1399 1654 1485 1702 hac,
1514 1667 1538 1693 o
1565 1666 1648 1701 reX,

156 1720 208 1760 25
228 1717 435 1758 subtilitate
471 1716 654 1756 iuuenem
681 1715 835 1756 liberari
871 1728 986 1767 posse
1022 1718 1219 1766 speraret?
1274 1715 1390 1754 Vides
1427 1714 1530 1764 quod
1568 1713 1649 1752 fere

228 1777 301 1817 sub
329 1778 466 1816 eodem
494 1781 638 1827 puncto
666 1789 773 1815 mors
801 1780 838 1815 et
866 1775 957 1822 uita,
990 1774 1165 1814 liberatio
1203 1779 1240 1814 et
1268 1774 1492 1825 dampnatio
1520 1771 1645 1812 fuerit.

228 1836 285 1876 Te
313 1849 467 1887 quoque
502 1836 578 1875 hoc
606 1835 782 1887 exemplo
818 1835 1011 1874 monitum
1049 1847 1135 1874 esse
1170 1834 1307 1873 uolens
1344 1846 1437 1884 rogo
1467 1832 1649 1883 quatinus

227 1896 305 1936 mei
333 1909 462 1944 causa,
500 1895 622 1935 immo
659 1896 714 1934 tui
751 1907 905 1945 quoque
944 1894 1137 1934 commodi
1174 1893 1295 1945 gratia
1331 1892 1408 1932 filio
1444 1905 1569 1942 usque
1606 1892 1645 1930 in

228 1954 442 1995 crastinum
470 1955 675 2006 prolonges
695 1954 826 1994 uitam.
882 1953 1117 2004 Interimque
1136 1952 1336 1992 Romanas
1355 1951 1503 2002 relegas
1530 1951 1646 2001 leges,

155 2021 210 2059 30
227 2014 459 2055 inuenturus
496 2014 665 2065 profecto
703 2027 793 2053 cum
827 2013 1103 2064 dampnatione
1140 2012 1305 2052 salutem
1342 2011 1408 2051 filii
1444 2009 1646 2050 contineri.

227 2074 442 2125 Hucusque
468 2087 536 2114 rex
566 2074 614 2113 ad
634 2074 754 2113 uerba
780 2073 963 2124 sapientis
983 2085 1197 2123 suspensus
1225 2084 1410 2111 manens:
1438 2069 1646 2118 Quoniam,

229 2133 294 2182 ait,
332 2133 476 2173 mirum
513 2138 551 2173 et
587 2132 726 2172 subtile
765 2132 929 2173 narrasti
966 2132 1200 2183 exemplum,
1238 2131 1399 2182 dignum
1428 2134 1466 2169 et
1501 2129 1649 2168 iustum

229 2206 370 2234 censeo
397 2198 482 2233 tum
510 2205 579 2244 pro
608 2191 663 2232 tui
699 2191 820 2244 ipsius
848 2190 1066 2232 reuerentia
1099 2196 1183 2230 tum
1220 2203 1289 2242 pro
1326 2202 1414 2230 meo
1440 2189 1646 2229 commodo

349 2306 366 2340 1
395 2305 462 2340 fori
487 2306 555 2349 fur
579 2305 656 2339 fore
689 2305 764 2339 will
789 2305 838 2340 K.
873 2325 918 2331 —
943 2305 1015 2339 'aut
1038 2303 1112 2339 iud.
1138 2304 1193 2348 Pp
1219 2321 1262 2327 —
1293 2301 1480 2338 subtilium
1509 2302 1593 2345 OPp
1604 2302 1647 2335 V.

227 2359 252 2395 4
275 2369 412 2395 uocans
436 2361 628 2403 utramque
653 2361 791 2402 partem
830 2358 963 2403 OPpV.
1002 2378 1047 2384 —
1087 2358 1106 2392 7
1131 2357 1261 2393 fortem
1287 2357 1355 2400 far
1387 2357 1540 2391 mortem
1574 2355 1649 2389 will

229 2412 280 2450 St.
319 2433 365 2439 -
408 2413 453 2447 10
477 2411 524 2447 At
548 2412 610 2447 illa
635 2411 735 2447 iubet
759 2411 781 2447 1.
808 2422 838 2446 c.
864 2412 923 2447 aff.
953 2411 1086 2456 OPpV.
1119 2428 1165 2435 -
1202 2410 1244 2445 12
1269 2409 1320 2445 ait
1344 2419 1367 2445 o
1390 2408 1523 2454 loripes
1551 2408 1647 2452 oPp.

229 2486 274 2493 -
304 2466 348 2501 15
373 2476 456 2501 cum
481 2464 659 2510 sanguine
684 2465 758 2500 iuu.
788 2464 873 2509 oPp
883 2466 922 2500 V.
941 2484 987 2490 —
1015 2465 1058 2499 16
1083 2463 1170 2500 disc.
1195 2463 1233 2499 in
1258 2474 1307 2499 m.
1333 2462 1376 2498 fr.
1401 2462 1492 2506 fehlt
1512 2462 1646 2506 OPpV.

227 2539 274 2545 —
299 2519 341 2555 21
371 2521 434 2555 aut
458 2519 580 2554 minus
608 2519 736 2563 OPpV
772 2537 814 2543 —
854 2518 938 2554 huic
963 2521 1058 2553 certe
1092 2518 1150 2553 vie
1174 2517 1292 2553 subm.
1317 2517 1357 2551 P.
1382 2535 1430 2541 —-
1463 2515 1510 2551 25
1540 2526 1647 2560 posse

225 2573 382 2609 liberare
420 2583 472 2618 sp.
498 2573 564 2618 Pp,
606 2593 652 2599 —
694 2573 739 2607 26
764 2571 834 2607 fuit
853 2573 935 2617 pV.
977 2591 1019 2597 —
1057 2571 1150 2607 291.
1176 2570 1412 2615 inueniesque
1455 2569 1559 2614 OpV.
1601 2588 1647 2595 —

227 2627 275 2662 30
298 2637 352 2672 pr.
377 2626 417 2662 in
442 2626 768 2671 condempnatione
795 2625 1083 2671 opV.—31132
1116 2636 1165 2661 m.
1191 2624 1244 2660 En
1277 2623 1328 2659 ait
1360 2623 1453 2659 subt.
1481 2625 1517 2658 et
1542 2622 1646 2658 mira-

226 2679 300 2717 bile
325 2680 395 2726 Pp.
