1800 2930
782 170 1055 210 -34.„.

212 284 378 326 Aiebant
406 285 510 325 enim
538 285 705 337 phisicos
734 286 884 326 tradere
913 287 1014 337 quod
1044 287 1236 326 contraria
1263 287 1464 327 contrariis
1492 301 1629 327 curan-

211 350 286 385 tur.
340 345 455 385 Nunc
482 359 584 397 ergo,
613 344 732 394 aiunt,
762 350 870 385 utere
888 345 1047 385 consilio
1077 351 1210 386 nostro
1239 352 1276 386 et
1304 348 1453 399 depone
1481 347 1627 387 luctum

211 404 376 456 iubeque
403 405 553 445 differre
586 410 806 456 presentem
844 405 990 445 curiam
1027 418 1150 456 usque
1187 406 1227 445 in
1270 406 1371 446 diem
1406 406 1626 458 septimum,

211 469 249 504 et
275 464 429 505 interim
457 464 533 504 filio
561 470 627 504 tuo
664 464 842 515 quicquid
870 464 1004 514 leticie,
1043 465 1221 516 quicquid
1259 466 1386 517 gaudii
1424 466 1627 517 excogitari

167 524 191 563 5
211 529 347 576 potest,
377 524 555 575 quicquid
592 524 702 564 dulce
730 524 969 564 musicorum
1008 530 1193 565 resonant
1230 525 1489 565 instrumenta
1522 526 1628 565 exhi-

209 584 315 624 beas.
377 584 571 623 Assistant
607 583 640 623 ei
686 583 853 634 uirgines
900 584 1084 635 speciose,
1129 597 1203 635 que
1249 585 1379 624 dulces
1424 591 1627 625 susurrent

209 643 386 683 modulos
415 656 581 693 eumque
620 647 729 693 gestu
765 647 999 694 attactuque,
1043 644 1185 683 osculis
1222 649 1259 683 et
1297 644 1539 695 amplexibus
1576 646 1626 684 ad

209 715 325 742 usum
360 707 572 754 prouocent
607 702 827 742 Uenerium.
893 702 1029 742 Vtatur
1076 703 1279 743 lecioribus
1318 704 1411 743 cibis
1457 704 1625 754 uinoque

208 762 416 802 fortissimo
456 762 591 802 cotidie
628 761 861 810 deebrietur;
900 761 1016 801 nichil
1054 762 1198 810 fedum,
1247 763 1361 802 nichil
1400 763 1505 803 triste
1543 764 1624 803 eius

140 821 191 860 10
209 821 378 862 offendat
405 822 548 869 oculos,
577 822 645 860 sed
674 826 812 860 cuncta
830 822 917 870 leta,
947 827 1086 861 cuncta
1104 822 1269 862 iocunda
1297 823 1330 862 ei
1358 824 1623 863 exhibeantur.

208 881 271 922 Sic
297 881 467 933 profecto
494 880 649 920 tristicia
673 880 754 920 eius
789 880 919 920 inolita
947 881 1078 920 animo
1097 882 1327 921 succedente
1356 883 1480 922 leticia
1507 883 1627 923 resol—

206 946 319 981 uetur
354 940 590 991 omninoque
625 940 838 979 abolebitur
873 940 1048 991 filiusque
1085 946 1175 980 tuus
1214 941 1414 992 pristinam
1465 943 1619 994 recipiet

207 1001 411 1051 loquelam.
468 1001 572 1039 Inter
609 999 682 1039 hec
721 1000 839 1039 uerba
867 1000 1091 1051 superuenit
1118 1000 1268 1051 regina3
1307 1002 1479 1041 audierat
1517 1002 1622 1041 enim

207 1073 338 1111 regem
365 1059 533 1111 positum
570 1059 610 1098 in
647 1072 810 1099 merore.
866 1059 951 1108 Que
988 1065 1030 1099 ut
1070 1060 1211 1100 doloris
1249 1074 1407 1100 causam
1444 1062 1626 1113 cognouit

139 1119 186 1157 15
207 1119 485 1170 consiliumque
514 1119 740 1167 amicorum,
777 1120 877 1159 ultro
915 1132 956 1158 se
985 1119 1063 1170 regi
1092 1120 1201 1159 offert
1238 1120 1369 1160 dicens
1408 1122 1512 1172 quod
1540 1122 1624 1172 ipsa

205 1179 409 1219 Lucinium
444 1179 485 1218 in
521 1179 601 1223 suis
642 1179 825 1230 reciperet
860 1178 1040 1218 thalamis
1078 1179 1324 1230 exiberetque
1370 1180 1404 1219 ei
1445 1181 1622 1231 quicquid

205 1239 479 1278 consuluerant
517 1238 647 1287 amici,
685 1239 924 1289 spondetque
969 1251 1011 1278 se
1048 1239 1081 1278 ei
1119 1239 1249 1289 lingue
1296 1239 1464 1279 officium
1501 1240 1622 1279 reddi-

204 1304 343 1338 turam.
400 1298 646 1338 Confortatus
675 1311 764 1348 ergo
801 1311 868 1337 rex
897 1298 1046 1337 bonurn
1082 1297 1222 1338 iudicat
1250 1298 1463 1338 amicorum
1500 1300 1624 1340 consi-

202 1357 311 1406 lium,
340 1357 486 1410 gracias
515 1358 562 1397 de
591 1357 719 1397 oblato
747 1357 873 1397 officio
910 1357 1025 1397 refert
1052 1357 1184 1408 regine
1211 1358 1387 1409 iuratque
1424 1372 1492 1410 per
1526 1360 1621 1399 deos

133 1417 186 1455 20
205 1430 296 1457 suos
316 1419 419 1468 quod
439 1417 471 1456 si
489 1417 581 1457 illud
601 1417 750 1456 efficere
770 1417 900 1468 possit,
921 1430 1086 1468 regnum
1105 1417 1158 1456 illi
1178 1417 1378 1469 proprium
1398 1418 1620 1458 dimidiabit.

204 1477 374 1517 Tradidit
411 1490 501 1528 ergo
534 1476 665 1528 regine
701 1477 904 1516 Lucinium
941 1477 1220 1527 mandauitque
1256 1477 1410 1528 regibus
1447 1491 1492 1518 ac
1520 1479 1621 1530 prin-

203 1536 350 1589 cipibus
377 1537 481 1587 quod
507 1535 590 1588 ipse
618 1536 849 1587 quibusdam
889 1536 1109 1588 prepeditus
1138 1537 1299 1587 negotiis
1339 1537 1461 1576 tilium
1498 1551 1624 1588 usque

203 1596 243 1635 in
272 1596 374 1636 diem
402 1595 610 1648 septimum
639 1609 718 1635 non
748 1601 878 1647 posset
906 1608 1104 1636 coronare.
1235 1590 1238 1592 ’

204 1654 386 1743 Regina
418 1660 546 1695 autern
583 1660 807 1707 susceptum
843 1655 1048 1706 Lucinium
1082 1655 1162 1695 suis
1198 1655 1411 1706 uirginibus
1450 1656 1621 1705 sociauit,

131 1714 183 1753 25
300 1728 455 1755 summa
481 1728 574 1755 cura
591 1715 773 1755 laborans
801 1720 844 1754 ut
871 1716 973 1766 quod
993 1714 1072 1766 regi
1091 1714 1319 1766 promiserat
1345 1715 1492 1755 effectui
1512 1730 1622 1755 man·

202 1774 356 1826 ciparet.
411 1774 532 1826 Elegit
560 1787 650 1826 ergo
687 1788 734 1814 ex
762 1779 842 1815 tota
878 1774 1030 1815 ciuitate
1058 1773 1374 1826 uirguncularum
1412 1776 1621 1826 pulcherri-
1666 1787 1671 1792 ’

202 1848 287 1875 mas
317 1848 391 1886 que
414 1834 578 1886 propriis
607 1834 769 1875 uocibus
797 1834 1033 1885 musicisque
1060 1834 1330 1874 instrumentis
1365 1848 1504 1875 canere
1532 1849 1621 1875 nos—

203 1899 301 1944 sent,
329 1895 479 1945 hasque
515 1894 595 1934 suis
633 1894 848 1946 uirginibus
877 1894 1082 1946 copulauit,
1116 1893 1331 1946 precipiens
1366 1894 1550 1934 omnibus
1579 1900 1622 1935 ut

202 1955 381 1994 decenter
432 1959 566 1994 ornate
617 1954 778 1994 Lucinio
830 1954 892 1994 die
938 1959 1132 2004 noctuque
1180 1953 1406 1993 assisterent
1453 1967 1620 2005 eumque

129 2013 183 2052 30
202 2013 510 2065 quibuscumque
546 2019 706 2065 possent
742 2014 866 2053 modis
895 2015 944 2054 ad
979 2013 1145 2053 leticiam
1187 2018 1225 2053 et
1257 2013 1306 2052 ad
1332 2025 1428 2065 opus
1458 2013 1620 2053 Ueneris

201 2079 475 2126 prouocarent:
499 2074 645 2113 nullam
664 2073 863 2124 uirginalis
883 2074 1007 2125 pudor
1026 2073 1250 2121 retraheret,
1270 2072 1376 2112 nulla
1396 2072 1445 2112 illi
1475 2072 1620 2122 sinum,

201 2134 307 2173 nulla
333 2132 524 2185 gremium
552 2133 784 2185 prohiberet.
841 2133 906 2173 Ille
934 2146 1029 2173 uero
1056 2133 1133 2172 lote
1169 2132 1282 2181 uitro,
1320 2132 1446 2172 fucate
1486 2132 1619 2172 colori·

321 2247 337 2283 1
366 2247 477 2293 enim]
502 2259 584 2283 eum
611 2248 644 2282 L
670 2267 712 2272 —
739 2246 885 2292 phisicis
909 2247 985 2280 will
1001 2247 1052 2281 St.
1080 2264 1123 2270 —
1150 2247 1362 2280 curarentur
1386 2245 1429 2279 L.
1454 2264 1501 2270 -
1526 2245 1620 2280 bex-

200 2300 274 2336 hib.
287 2302 377 2345 fehlt
396 2301 490 2346 OPp
500 2302 542 2337 V.
563 2320 604 2326 —
630 2302 649 2336 7
675 2312 708 2346 g.
727 2311 768 2335 ac
781 2302 879 2335 tactu
898 2299 1031 2344 OPpV
1052 2319 1098 2325 —-
1124 2298 1237 2334 oculis
1259 2297 1336 2334 LO.
1363 2317 1409 2323 —
1435 2299 1457 2333 8
1475 2298 1618 2333 ueneris

203 2354 332 2399 OPpV
355 2374 394 2380 —
422 2354 626 2390 sanioribus
651 2365 680 2390 c.
699 2353 792 2399 OPp
802 2355 844 2390 V.
866 2373 905 2379 —
926 2354 948 2388 9
964 2351 1164 2388 inebrietur
1182 2351 1306 2396 PV—
1326 2351 1476 2386 fetidum
1497 2351 1618 2387 OPV.

200 2428 246 2435 —
262 2408 302 2444 11
321 2411 364 2444 tr.
379 2408 513 2444 abolita
534 2420 566 2444 a.
583 2408 824 2444 succendente
839 2408 905 2452 Pp,
922 2409 965 2442 tr.
983 2406 1022 2442 in
1038 2405 1303 2441 oblectamenta
1321 2405 1561 2440 succendente
1574 2405 1617 2442 Ο.

200 2481 245 2487 --
262 2461 304 2497 12
322 2461 345 2497 f.
363 2465 446 2497 tuus
462 2461 648 2497 tristiciam
666 2462 852 2507 deponens
868 2471 920 2505 pr.
936 2461 1003 2504 Pp.
1021 2479 1067 2486 -
1091 2459 1135 2494 16
1148 2458 1186 2494 in
1200 2469 1306 2494 suum
1325 2469 1394 2493 rec.
1414 2458 1616 2494 thalamum

199 2516 275 2551 will
299 2516 349 2551 St.
381 2536 425 2542 --
469 2515 511 2550 17
537 2515 643 2551 amici
674 2515 763 2559 fehlt
795 2514 906 2559 opp„
941 2512 1091 2558 quidqu.
1116 2515 1210 2548 esset
1241 2511 1471 2555 consolatorij
1504 2512 1545 2548 V.
1571 2533 1616 2539 —

201 2570 246 2605 19
270 2569 375 2604 offert
401 2569 488 2614 opp
499 2570 541 2604 V.
556 2590 601 2596 —
619 2569 664 2604 22
690 2567 908 2614 quibusdam
930 2566 1021 2611 fehlt
1048 2565 1186 2611 OPpV.
1201 2585 1247 2590 -
1272 2565 1318 2600 23
1341 2564 1438 2600 diem
1463 2565 1554 2608 fehlt
1573 2564 1615 2601 Ο.

198 2622 243 2658 27
270 2634 300 2658 c.
314 2625 503 2658 noscerent
522 2622 598 2659 OV.
617 2642 662 2647 —
688 2623 734 2658 29
751 2622 957 2658 insisterent
971 2620 1108 2665 OPpV.
1133 2640 1177 2647 —
1195 2619 1241 2655 32
1258 2619 1353 2654 uitro
1382 2619 1473 2663 fehlt
1490 2618 1623 2664 OPpV

197 2696 244 2703 ——
269 2676 406 2712 fuscate
441 2676 533 2721 LPp
543 2676 579 2712 V.
