1800 2930
253 274 351 314 illico
378 272 544 313 feruenti
562 272 762 324 impletam
790 270 935 322 glutine
955 270 1115 322 opponit
1142 269 1322 310 foramini
1350 274 1554 320 seratoque
1573 269 1670 309 ostio

253 333 433 374 abscedit.
489 333 586 372 Ecce
622 337 752 371 autem
779 330 902 371 fatalis
939 330 1002 370 illa
1039 330 1133 379 dies,
1173 343 1249 380 que
1288 329 1484 369 neminem
1521 329 1670 368 bonum

253 393 451 432 malumne
478 391 645 443 preterit,
682 391 867 430 miserum
895 395 1046 442 patrem
1079 403 1170 430 cum
1200 389 1275 428 filio
1308 389 1444 428 eadem
1472 393 1584 428 nocte
1621 389 1669 427 ad

253 452 391 492 turrim
419 451 587 499 adduxit,
617 455 844 501 remotoque
871 464 895 489 a
913 449 1102 489 foramine
1119 449 1244 500 lapide
1272 448 1389 488 intrat
1417 453 1524 499 pater
1554 447 1670 487 nichil

208 512 233 550 5
253 513 300 552 de
339 511 528 564 pretensis
570 510 716 562 laqueis
757 509 984 561 suspicatus,
1029 510 1199 560 dumque
1239 508 1393 547 festinat
1430 512 1472 547 ut
1508 507 1591 547 heri
1631 513 1669 546 et

252 572 395 611 nudius
432 571 567 612 tertius
600 570 640 609 in
678 569 946 621 pauimentum
983 569 1107 616 salire,
1145 568 1324 608 incautus
1363 567 1481 607 miser
1519 572 1560 606 ut
1587 572 1669 606 erat

252 631 414 671 uestitus
443 631 699 680 calciatusque
727 642 893 681 cuppam
922 633 1170 668 mentotenus
1203 627 1321 667 insilit
1358 627 1564 677 statimque
1593 627 1668 666 ual-

251 691 351 731 latus
371 691 515 742 glutine
534 690 706 729 redditur
724 688 942 737 immobilis,
963 688 1014 728 ita
1034 693 1076 728 ut
1090 701 1160 728 nec
1180 700 1342 727 manum
1363 700 1435 726 nec
1454 688 1592 738 pedem
1608 686 1667 725 uel

252 750 405 801 aliquod
434 750 701 790 membrorum
729 761 889 788 mouere
909 753 1050 799 posset,
1080 752 1239 798 excepta
1264 746 1395 798 lingua
1415 760 1489 796 que
1518 750 1670 785 tantum

185 809 234 848 10
252 811 301 851 ab
335 811 409 850 hac
444 809 584 849 iniuria
622 809 743 848 libera
781 813 1033 847 remanserat.
1089 807 1350 858 Ingemiscens
1384 806 1496 857 igitur
1539 805 1669 845 infelix

251 870 373 910 filium
401 871 574 917 aduocat,
604 868 776 908 insinuat
805 867 943 918 quibus
971 867 1117 917 laqueis
1156 871 1331 906 teneatur
1360 866 1549 912 astrictus,
1588 870 1670 904 orat

250 935 293 970 ut
320 929 355 969 ei
382 929 467 976 cito,
498 934 706 979 antequam
725 927 860 978 aliquis
879 926 1137 978 superueniat,
1166 930 1282 977 caput
1309 930 1481 977 amputet
1517 931 1555 965 et
1582 925 1668 964 abs-

251 990 372 1037 cedat,
408 1002 459 1028 ne
497 989 594 1028 forte
631 1001 699 1039 per
726 992 841 1038 caput
869 986 1044 1038 cognitus
1072 991 1246 1025 eternam
1275 998 1346 1024 suo
1374 985 1504 1035 generi
1541 998 1669 1024 macu-

249 1049 329 1089 lam
356 1049 495 1088 inferat
523 1053 560 1087 et
597 1047 796 1087 iacturam.
852 1046 904 1086 At
945 1059 1035 1086 vero
1074 1045 1172 1084 filius
1212 1045 1298 1084 totis
1333 1044 1479 1083 uiribus
1520 1049 1670 1095 patrem

183 1109 231 1147 15
251 1114 415 1148 conatus
443 1108 657 1155 extrahere,
695 1120 785 1146 cum
812 1107 986 1145 laborem
1025 1118 1140 1145 suum
1168 1105 1343 1144 frustrari
1377 1104 1535 1151 uideret,
1570 1103 1669 1154 cepit

251 1168 399 1208 anxiari
427 1172 466 1207 et
491 1167 672 1215 hesitare,
702 1166 792 1217 quid
821 1167 868 1205 de
888 1166 1039 1205 duobus
1068 1170 1214 1216 ageret:
1243 1164 1336 1203 hinc
1364 1163 1508 1203 etenim
1534 1164 1668 1202 horre-

251 1228 318 1267 bat
346 1241 436 1267 suas
464 1227 505 1266 in
534 1240 628 1267 nece
655 1226 773 1278 patris
802 1230 1005 1265 cruentare
1040 1237 1195 1272 manus,
1223 1223 1315 1263 hinc
1343 1236 1437 1263 uero
1471 1223 1667 1262 metuebat

251 1300 320 1338 per
346 1286 483 1326 faciem
510 1286 629 1338 patris
649 1285 896 1337 deprehendi.
935 1285 1037 1324 Dum
1065 1297 1156 1335 ergo
1184 1296 1274 1322 eum
1294 1297 1317 1322 a
1336 1296 1430 1322 nece
1458 1283 1670 1322 retraheret

251 1360 373 1395 amor,
416 1346 532 1386 timor
567 1351 604 1385 et
647 1345 854 1385 necessitas
901 1349 1066 1395 urgeret,
1103 1343 1280 1382 nesciens
1319 1342 1410 1392 quid
1452 1342 1581 1382 utilius
1619 1343 1667 1381 ad

179 1407 233 1446 20
250 1412 403 1458 tempus
432 1411 572 1457 ageret,
601 1410 717 1457 caput
744 1404 862 1457 patris
891 1404 1012 1443 cultro
1041 1403 1237 1442 abscisum
1266 1402 1414 1453 fugiens
1443 1401 1665 1453 asportauit.

248 1467 317 1556 In
355 1466 569 1506 crastinum
614 1470 744 1505 autem
786 1477 855 1504 rex
892 1476 1048 1503 summo
1084 1475 1202 1501 mane
1237 1463 1284 1501 de
1320 1461 1459 1501 lectulo
1505 1474 1669 1512 surgens

316 1525 475 1566 intrauit
501 1524 641 1564 turrim
677 1524 921 1574 cucurritque
949 1524 998 1562 ad
1034 1535 1202 1574 cuppam
1240 1521 1467 1572 inuenitque
1509 1533 1666 1560 murum

250 1585 487 1637 perforatum
515 1590 552 1624 et
579 1590 700 1624 totam
727 1584 832 1623 illam
860 1581 1058 1622 bituminis
1096 1581 1338 1633 superficiem
1372 1581 1553 1620 infectam
1581 1593 1671 1619 san-

250 1644 377 1696 guine,
406 1645 532 1684 furem
560 1657 714 1695 quoque
742 1644 877 1683 adesse
912 1655 1040 1690 suum,
1069 1642 1138 1681 sed
1172 1646 1349 1680 truncato
1378 1640 1500 1691 capite
1538 1641 1669 1691 depre-

179 1706 230 1745 25
249 1705 395 1744 hendit.
453 1704 657 1744 Festinans
695 1717 786 1754 ergo
820 1704 870 1742 ad
897 1702 1012 1741 suum
1053 1700 1215 1740 recurrit
1251 1699 1525 1746 consiliarium,
1562 1699 1670 1737 illum

250 1764 425 1804 uidelicet
453 1777 601 1811 senem,
629 1763 868 1803 annuntians
905 1766 1060 1813 captum
1089 1760 1244 1811 quidem
1272 1760 1410 1806 furem,
1451 1759 1519 1798 sed
1547 1757 1670 1810 capite

250 1824 481 1864 mutilatum.
538 1824 650 1871 Quod
688 1836 778 1863 cum
815 1821 984 1862 audisset
1020 1833 1152 1868 senex,
1195 1832 1403 1871 parumper
1439 1818 1668 1857 subridens:

249 1883 380 1932 Miror,
409 1883 473 1932 ait,
502 1883 619 1922 huius
645 1882 805 1922 latronis
833 1880 1025 1921 astutiam.
1081 1878 1182 1927 Quia
1200 1878 1305 1917 enim
1334 1877 1472 1917 nobilis
1500 1882 1581 1916 erat
1600 1890 1671 1916 nec

249 1942 371 1983 uoluit
406 1956 448 1982 se
484 1943 547 1982 uel
587 1955 710 1994 genus
739 1954 855 1981 suum
895 1941 1068 1992 prodere,
1102 1938 1242 1978 idcirco
1276 1952 1299 1977 a
1327 1936 1430 1977 socio
1458 1936 1529 1976 sibi
1557 1941 1671 1987 caput

180 2003 233 2042 30
251 2002 443 2054 amputari
471 2002 568 2042 fecit.
608 2002 719 2041 Vnde
747 2006 784 2040 et
813 2000 962 2039 difficile
982 1998 1133 2039 uidetur
1161 1997 1278 2037 michi
1307 2002 1344 2036 te
1372 2009 1485 2048 posse
1504 2000 1570 2035 aut
1588 1996 1671 2034 the-

251 2075 410 2102 saurum
429 2075 659 2114 recuperare
678 2066 744 2101 aut
763 2073 996 2112 cognoscere
1016 2059 1153 2098 furem.
1192 2057 1304 2097 Tunc
1332 2069 1399 2095 rex
1418 2056 1671 2095 uehementer

373 2241 389 2275 1
418 2239 535 2275 vrenti
564 2239 593 2274 Ο
618 2257 662 2263 -
688 2237 837 2283 apponit
862 2238 918 2282 Pp
928 2238 970 2273 V.
1010 2257 1055 2263 —
1090 2237 1111 2271 2
1137 2235 1288 2271 discedit
1304 2235 1429 2280 OPpV
1450 2255 1495 2260 —
1521 2233 1565 2269 Et
1589 2244 1671 2268 ecce

249 2293 276 2330 f.
306 2294 431 2339 OPpV
453 2312 500 2318 —
525 2293 614 2338 3pr.
639 2291 831 2326 facientem
863 2302 912 2325 m.
941 2291 1017 2325 OV.
1044 2310 1090 2316 —-
1117 2290 1136 2324 7
1163 2289 1412 2333 calceatusque
1436 2288 1491 2332 Pp
1517 2306 1559 2312 -—-
1586 2298 1671 2331 cup-

249 2359 335 2393 pam
359 2348 451 2392 fehlt
478 2347 610 2392 OPpV.
638 2367 683 2372 —
708 2347 731 2381 8
749 2346 785 2380 in
803 2345 889 2391 glut.
914 2345 948 2379 V
974 2363 1013 2369 —-
1041 2354 1108 2379 nec
1133 2344 1177 2378 al.
1208 2343 1340 2387 OPpV.
1367 2360 1407 2366 -—
1433 2342 1475 2376 1⁰2
1500 2340 1671 2375 adueniat

253 2403 380 2447 OPpV
402 2420 448 2426 —-
472 2400 634 2436 abscidat
675 2400 807 2444 QPpV.
833 2419 878 2424 —
916 2398 959 2433 15
993 2401 1146 2433 conatur
1185 2396 1316 2441 OPpV.
1354 2414 1400 2420 —-
1442 2395 1484 2429 19
1520 2393 1672 2438 urgebat

254 2456 339 2500 OPp
353 2455 390 2491 V.
420 2473 462 2480 -
489 2455 536 2489 20
566 2453 681 2489 cultro
713 2454 754 2494 V,
797 2453 912 2487 cultor
946 2451 988 2495 L,
1024 2450 1151 2486 vltimo
1185 2450 1280 2494 OPp.
1312 2467 1358 2473 --
1392 2448 1528 2483 Zusatz
1552 2447 1672 2482 himer·

250 2520 325 2554 asp.
350 2512 392 2544 in
420 2508 520 2553 OPp:
552 2507 620 2543 Hic
643 2507 747 2542 deest
777 2505 960 2550 quomodo
986 2504 1162 2549 sepeliuit..
1192 2522 1234 2528 —
1260 2503 1302 2538 21
1330 2514 1358 2538 s.
1384 2501 1542 2537 diluculo
1567 2512 1615 2535 m.
1641 2513 1670 2535 s.

254 2564 387 2608 OPpV.
416 2581 456 2587 —
484 2562 530 2597 23
543 2561 632 2607 perf.
650 2565 685 2596 et
709 2561 800 2606 fehlt
823 2559 1009 2604 Pp.-24
1022 2561 1058 2593 et.
1083 2560 1288 2593 truncatum
1304 2567 1381 2601 cap.
1406 2555 1671 2600 deprehensum

254 2617 388 2662 OPpV.
415 2635 458 2641 —
485 2616 529 2651 97
556 2626 757 2661 parumque
792 2615 835 2649 L.
862 2632 906 2637 —-
932 2613 978 2648 29
1012 2623 1050 2648 se
1088 2611 1147 2647 uel
1179 2611 1270 2656 fehlt
1305 2610 1430 2655 oPpV
1452 2628 1499 2634 —
1524 2609 1672 2654 perdere

251 2671 295 2706 L.
325 2691 370 2697 -
396 2670 444 2705 30
469 2672 504 2705 et
530 2669 621 2713 fehlt
647 2669 689 2703 L.
