1800 2930
729 189 1001 228 -29-

163 308 202 343 et
230 303 365 354 pudice
391 303 662 350 offerebantur,
682 302 886 353 redarguit.
925 303 1048 342 Uoces
1077 315 1168 353 ergo
1193 303 1368 342 omnium
1388 303 1574 343 tolluntur

164 362 203 401 in
232 363 351 402 altum
379 362 620 402 laudantium
648 363 741 401 deos
760 374 864 409 suos,
893 361 958 411 qui
978 361 1093 401 talem
1113 375 1158 401 ac
1186 367 1337 401 tantum
1366 362 1574 402 concessis·

163 426 250 461 sent
277 421 356 472 regi
384 421 619 472 Dolopathos
647 433 930 468 successorem;
966 421 1096 460 dulces
1132 434 1223 472 ergo
1260 421 1573 472 uirguncularum

161 481 351 520 cantilene
378 481 640 530 iuuenumque
667 480 707 519 in
736 479 844 530 equis
874 480 1110 518 currentium
1147 479 1256 519 lusus
1293 493 1338 519 ac
1365 481 1573 520 mimorum

163 540 359 580 dulcisone
386 552 502 579 uoces
529 540 626 579 letos
654 538 829 578 omnium
866 538 1018 577 animos
1047 539 1216 578 efficiunt
1255 539 1419 579 letiores.
1476 539 1574 579 Cum
1620 543 1645 581 5

163 600 236 639 hac
262 599 395 650 gloria,
433 611 522 638 cum
548 599 622 638 hac
657 611 799 649 pompa
826 597 1008 637 Lucinius
1036 598 1075 636 in
1105 599 1264 637 modum
1303 598 1574 649 triumphantis

161 658 361 698 deducitur
387 659 435 698 ad
454 658 603 705 urbem,
632 657 713 708 ipse
742 670 834 696 uero
853 656 1046 708 religionis
1075 670 1144 696 sue
1164 670 1244 696 non
1272 657 1477 697 immemor
1495 671 1575 697 uno

160 719 373 769 eodemque
400 718 516 756 modo
534 730 687 768 semper
705 716 785 764 fuit,
815 715 995 755 omnibus
1023 717 1195 767 hylarem
1223 717 1411 756 exhibens
1438 717 1574 756 faciem

164 790 208 817 ac
236 777 446 816 salutantes
474 789 516 815 se
544 775 627 815 sine
656 789 762 824 uoce,
792 780 900 814 motu
929 775 1131 821 labiorum,
1161 775 1361 815 oculorum
1396 781 1493 815 nutu
1529 789 1575 816 ac

162 836 420 876 submissione
455 835 587 886 capitis
623 835 851 883 resalutans,
891 848 962 874 nec
999 835 1121 886 potuit
1154 835 1358 885 quisquam
1391 835 1431 875 in
1466 840 1574 875 tanto
1597 837 1646 877 10

161 896 326 935 tumultu
354 907 622 945 concursuque
649 894 778 946 populi
807 895 889 933 eius
917 895 1118 934 aduertere
1147 894 1355 934 silentium.

162 952 282 1043 Cum
312 954 511 994 audissent
554 954 619 1004 qui
647 954 686 994 in
716 953 867 993 ciuitate
895 959 1174 1002 remanserant,
1204 955 1307 1004 quod
1342 954 1419 993 iam
1448 954 1574 1005 proxi-

258 1027 346 1053 mus
366 1019 468 1053 esset
487 1013 671 1053 Lucinius
691 1013 847 1061 ciuitati,
876 1010 1053 1052 exierunt
1075 1014 1108 1052 ei
1130 1013 1285 1053 obuiam
1306 1026 1394 1052 cum
1415 1014 1574 1053 floribus

159 1072 429 1123 oliuarumque
448 1073 565 1113 ramis
594 1073 804 1112 clamantes
833 1078 870 1112 et
889 1072 1080 1112 dicentes:
1110 1073 1252 1121 Gloria,
1271 1073 1356 1112 laus
1385 1078 1422 1111 et
1448 1073 1574 1112 honor

159 1132 208 1172 sit
236 1132 312 1172 filio
341 1133 576 1184 Dolopathos
605 1136 833 1183 regnaturo!
890 1132 1030 1182 Sicque
1059 1145 1148 1171 cum
1168 1132 1455 1183 precedentium
1484 1133 1573 1171 sub·
1596 1135 1644 1173 15

159 1192 479 1243 sequentiumque
517 1192 708 1240 laudibus,
738 1204 826 1231 cum
867 1191 1045 1242 cytharis,
1084 1191 1266 1242 cymbalis
1308 1196 1345 1231 et
1372 1191 1572 1242 psalteriis,

160 1251 401 1303 symphoniis
430 1257 466 1291 et
495 1251 690 1291 sambucis
718 1250 901 1301 omnique
928 1263 1069 1301 genere
1097 1251 1333 1290 musicorum
1361 1250 1573 1302 ingreditur

163 1310 371 1358 ciuitatem,
410 1311 472 1350 uia
499 1311 563 1350 illa
589 1323 696 1360 auro,
733 1310 897 1361 gemmis
931 1310 1139 1360 sericisque
1176 1315 1304 1354 strata,
1333 1323 1497 1361 pergens
1525 1311 1573 1350 ad

163 1370 357 1420 palatium.
396 1370 429 1410 Ο
457 1383 545 1410 cum
565 1375 709 1421 quanta
737 1383 866 1409 rerum
895 1369 1028 1420 gloria,
1056 1383 1146 1409 cum
1171 1369 1326 1420 quantis
1346 1369 1572 1409 diuiciarum

158 1429 278 1481 copiis
311 1434 487 1481 receptus
524 1433 602 1470 est!
669 1429 831 1469 Putares
868 1429 920 1468 ibi
957 1428 1189 1469 confluxisse
1236 1429 1415 1480 quicquid
1452 1430 1570 1480 glorie
1590 1430 1643 1469 20

158 1488 329 1528 continet
366 1489 483 1537 orbis,
520 1489 701 1540 quicquid
737 1489 864 1529 aureis
900 1489 1057 1529 harenis
1085 1490 1264 1529 Pactolus
1301 1488 1429 1537 trahit,
1469 1489 1570 1539 quic·

158 1548 251 1598 quid
278 1548 449 1600 lapidum
479 1561 798 1600 gemmarumque
835 1549 956 1596 nutrit
983 1548 1103 1597 India,
1132 1548 1310 1599 quicquid
1339 1549 1455 1588 habet
1482 1548 1571 1587 Ale-

159 1607 321 1647 xandria
349 1607 576 1659 specierum.
633 1608 710 1647 Sed
738 1608 829 1658 quid
857 1608 1045 1659 explicare
1073 1608 1225 1659 singula
1252 1609 1394 1647 frustra
1427 1611 1572 1647 conor?

159 1666 370 1717 Nunquam
398 1679 487 1706 cum
515 1672 621 1707 tanta
649 1667 783 1718 gloria,
812 1680 902 1707 cum
931 1673 1039 1707 tanta
1066 1680 1208 1718 pompa
1236 1672 1420 1718 tantoque
1457 1680 1571 1718 appa-

157 1731 244 1766 ratu
262 1726 389 1766 Roma
415 1732 553 1778 potens
572 1727 752 1777 orbisque
771 1727 930 1767 domina
947 1727 1113 1777 aliquem
1135 1739 1296 1766 suorum
1324 1726 1466 1778 recepit
1485 1739 1573 1765 con·
1592 1726 1643 1765 25

159 1786 301 1834 sulum,
330 1786 399 1825 sed
426 1799 498 1826 nec
527 1799 642 1826 suum
669 1787 927 1827 Octauianum
955 1787 1003 1826 de
1023 1786 1225 1837 Cleopatra
1253 1786 1572 1837 triumphantem.

158 1845 244 1896 lpse
277 1845 393 1884 etiam
437 1846 495 1885 sol
535 1846 696 1886 Lucinio
733 1847 1020 1897 quodammodo
1058 1846 1251 1886 famulans
1289 1846 1400 1885 solito
1437 1845 1574 1885 clarior

158 1904 336 1945 illuxerat
369 1905 500 1953 terris;
541 1906 608 1956 qui
641 1906 797 1945 luminis
831 1906 891 1945 sui
931 1906 1060 1945 radios
1105 1906 1146 1944 in
1181 1905 1349 1945 obiectas
1385 1905 1457 1944 sibi
1491 1904 1573 1944 auri

158 1964 382 2015 argentique
408 1978 454 2005 ac
482 1978 726 2016 gemmarum
754 1965 882 2017 copias
910 1964 1070 2005 uibrans
1100 1978 1234 2005 eorum
1262 1964 1457 2004 intantum
1484 1977 1575 2014 aug-

158 2024 626 2075 mentaueratfulgorem,
654 2030 697 2064 ut
716 2025 960 2064 reuerberato
980 2025 1126 2076 fulgore
1144 2023 1378 2064 intuentium
1405 2023 1506 2063 acies
1533 2022 1574 2062 in
1593 2021 1646 2060 30

156 2096 200 2123 se
225 2083 349 2135 ipsam
378 2084 519 2124 reflecti
546 2090 756 2136 cogeretur.
813 2084 878 2124 Sic
915 2097 1004 2135 ergo
1033 2088 1195 2124 uentum
1224 2089 1283 2123 est
1310 2085 1358 2123 ad
1387 2083 1573 2134 templum

157 2143 271 2191 louis,
308 2143 374 2183 ubi
402 2149 510 2195 pater
538 2157 608 2195 pro
635 2144 713 2183 filio
741 2157 859 2195 quem
887 2144 1160 2195 postlongum
1189 2148 1343 2194 tempus
1379 2146 1574 2193 receperat

158 2215 312 2251 sanum,
342 2202 415 2243 diis
442 2204 591 2254 gracias
629 2217 748 2255 agens
777 2203 961 2255 plurimas
1002 2202 1178 2243 uictimas
1215 2202 1431 2242 immolauit
1465 2200 1572 2240 dimi-

161 2261 286 2313 sitque
313 2262 486 2314 singulos
514 2263 563 2303 ad
591 2264 728 2303 domos
757 2269 794 2303 et
821 2264 869 2302 ad
899 2261 1064 2302 tentoria
1091 2262 1210 2302 abire.
1266 2262 1351 2313 lpse
1378 2265 1507 2301 autem
1535 2265 1573 2300 et

157 2320 340 2362 Lucinius
368 2335 457 2362 cum
486 2322 634 2374 priuata
660 2322 804 2362 familia
831 2322 1016 2374 palatium
1044 2322 1137 2362 illud
1164 2334 1271 2370 auro,
1301 2320 1465 2372 gemmis
1492 2318 1572 2370 pal-
1590 2317 1641 2355 35

280 2418 297 2452 1
325 2417 564 2462 redarguebat
584 2418 679 2463 oPp.
705 2438 750 2444 —
776 2418 798 2452 2
816 2419 1071 2452 concesserunt
1092 2416 1224 2461 OPpV.
1249 2436 1295 2442 —
1320 2415 1343 2450 5
1367 2413 1572 2450 dulcissime

156 2470 253 2515 Ppr
267 2491 311 2497 —
336 2471 491 2506 leniores
511 2471 594 2516 OPp
601 2472 644 2507 V.
670 2492 714 2497 —
732 2472 755 2506 8
772 2471 850 2506 eod.
865 2473 1051 2506 momento
1072 2470 1156 2514 OPp
1164 2471 1206 2504 V.
1224 2490 1269 2495 —
1289 2469 1332 2503 12
1350 2468 1431 2503 aud.
1449 2470 1570 2502 autem

161 2524 292 2569 ΟΙῬΥ.
331 2545 376 2551 -
415 2525 460 2560 13
496 2524 531 2561 fl.
568 2527 606 2560 et
640 2524 769 2569 palmis
801 2526 843 2559 V.
884 2545 930 2551 —
971 2524 1015 2559 15
1051 2523 1097 2558 sit
1121 2524 1211 2567 fehlt
1251 2523 1294 2557 L.
1332 2542 1377 2547 —
1421 2521 1464 2555 21
1493 2530 1569 2555 aur.

157 2576 267 2613 arinis
291 2578 387 2622 PpV
426 2596 468 2603 —
510 2577 686 2623 pactiolus
709 2578 814 2623 PpV,
852 2577 1037 2622 spaciosus
1062 2576 1105 2613 0,
1146 2595 1186 2602 -
1226 2576 1271 2610 22
1296 2574 1386 2610 nitet
1410 2574 1448 2609 in
1472 2573 1571 2608 india

160 2629 296 2675 oPpV.
324 2649 364 2656 —
391 2631 438 2666 23
463 2631 505 2667 fr.
518 2634 644 2667 teneor
667 2632 708 2666 V.
737 2651 775 2657 —
805 2632 851 2666 30
874 2629 1106 2665 reuerberata
1130 2629 1155 2664 s.
1180 2630 1214 2664 L
1241 2648 1281 2655 —
1309 2628 1332 2662 f.
1348 2627 1384 2663 in
1409 2626 1569 2662 medium

159 2683 254 2719 acies
276 2684 377 2729 ΙῬΥ.
395 2704 439 2709 -
457 2684 504 2720 35
526 2695 615 2720 auro
640 2687 676 2719 et
699 2686 848 2728 argento
868 2683 955 2728 OPp
966 2683 1003 2718 V.
