1800 2930
757 194 1028 233 -43-

189 304 311 345 filium
348 306 398 347 sit
432 319 555 354 amor,
593 306 671 359 regi
709 308 757 347 de
793 308 909 347 unico
946 307 1024 348 filio
1061 313 1141 348 tam
1177 322 1334 360 gravem
1378 308 1605 360 tristemque

187 365 302 405 ferret
343 365 603 406 sententiam?
674 366 868 406 Metuebat
908 367 1014 406 enim
1056 367 1334 419 unusquisque,
1378 381 1429 407 ne
1471 367 1605 407 odium

187 423 288 475 regis
323 424 550 472 incurreret,
587 438 687 465 neue
723 425 757 465 si
791 425 1000 476 aliquando
1041 426 1117 466 tale
1149 426 1183 466 ei
1221 426 1475 466 infortunium
1509 426 1605 467 aoei-

189 484 308 529 deret‚
342 483 508 523 similem
548 483 680 524 subire
716 484 956 524 sentenciam
993 490 1204 535 cogeretur.
1269 486 1345 537 Ipsi
1389 486 1504 525 etiam
1539 486 1606 537 qui

188 542 356 594 partium
382 548 494 583 erant
522 544 654 595 regine
681 542 824 594 quique
852 543 967 594 paulo
993 549 1085 583 ante
1112 544 1165 583 ita
1192 545 1337 584 efferati
1364 545 1528 592 fuerant,
1563 550 1606 585 ut
1651 547 1677 585 5

187 601 362 642 imbelles
397 603 555 642 damule
593 602 808 654 pauideque
844 603 892 642 ad
928 602 1088 642 leonum
1128 616 1332 643 occursum
1374 605 1605 644 tremebant.

189 661 364 712 Denique
390 674 479 701 cum
508 661 654 701 reuersi
682 668 813 701 essent
841 662 889 701 ad
918 675 1061 713 regem,
1091 662 1219 701 nullus
1238 675 1374 702 eorum
1401 676 1521 703 ausus
1549 668 1608 703 est

188 719 229 759 in
256 720 426 760 medium
446 721 545 760 serre
563 720 815 769 sentenciam,
844 721 912 760 sed
932 721 1167 761 accusabant
1185 734 1323 761 omnes
1349 722 1607 773 ignorantiam

188 792 302 819 suam
329 779 500 819 dicentes
529 781 630 830 quod
661 793 732 819 nec
766 781 871 831 leges
899 793 1015 832 super
1051 781 1125 820 hoc
1152 780 1294 831 aliquid
1331 781 1606 822 decreuissent.

188 838 393 889 Rogabant
420 852 513 890 ergo
541 845 583 878 ut
610 839 684 879 sibi
711 840 760 879 ad
788 840 944 891 propria
971 841 1169 879 remeandi
1197 841 1353 880 daretur
1390 841 1543 881 licentia
1569 847 1607 881 et
1629 841 1680 880 10

191 897 273 949 ipse
300 899 496 948 quomodo
530 898 647 938 uellet
675 904 713 938 et
749 905 939 950 quantum
967 899 1082 939 uellet
1110 900 1231 939 filium
1272 900 1492 951 castigaret;
1532 901 1608 940 hoc

188 956 264 996 sibi
297 962 451 1008 gratum
488 958 570 997 fore
610 958 777 998 aiebant.
842 958 927 998 Rex
961 964 1091 998 autem
1132 959 1349 1010 intelligens
1387 960 1491 1010 quod
1526 972 1608 999 non

188 1016 407 1067 ignorantia
440 1023 542 1057 esset
579 1017 619 1056 in
649 1030 779 1066 causa,
815 1018 884 1057 sed
918 1017 1046 1065 timor,
1087 1018 1238 1057 iurabat
1276 1031 1343 1069 per
1370 1019 1463 1058 deos
1504 1019 1608 1069 quod

189 1075 342 1115 nullum
380 1089 516 1115 eorum
560 1090 693 1116 amore
729 1077 792 1116 uel
827 1077 980 1116 honore
1019 1076 1200 1128 priuaret‚
1239 1078 1272 1116 si
1309 1078 1412 1128 quod
1450 1078 1609 1117 sentiret

187 1134 365 1175 ediceret.
422 1135 602 1176 Ceterum
633 1149 713 1175 non
749 1148 792 1176 se
819 1141 1018 1176 moturum
1055 1138 1103 1175 de
1130 1137 1214 1176 loco
1241 1137 1468 1186 testabatur,
1503 1143 1608 1177 ante·
1630 1137 1680 1176 15

189 1207 307 1245 quam
327 1195 375 1235 de
394 1195 471 1234 tilio
490 1195 723 1235 sententiam
742 1196 1003 1247 protulissent.
1043 1197 1186 1236 lterum
1205 1209 1296 1247 ergo
1324 1202 1440 1247 atque
1468 1196 1609 1236 iterum

189 1255 240 1294 ad
267 1254 473 1294 consilium
511 1260 760 1294 reuertuntur
798 1255 1033 1306 totidemque
1074 1255 1224 1295 uicibus
1260 1269 1303 1295 se
1339 1256 1442 1307 apud
1478 1268 1609 1306 regem

187 1319 389 1361 excusant,
418 1315 486 1354 sed
514 1313 579 1354 illo
606 1320 767 1366 urgente
795 1315 915 1354 coacti
951 1315 1109 1354 tandem
1137 1315 1352 1366 propalant,
1388 1315 1479 1365 quid
1505 1315 1610 1366 legae

189 1374 239 1412 de
275 1373 416 1413 talibus
449 1373 725 1414 decreuissent.
790 1374 989 1425 Approbat
1026 1387 1094 1414 rex
1127 1374 1362 1414 sententiam
1402 1374 1611 1425 statimque

193 1445 261 1484 per
289 1438 410 1472 totam
428 1433 622 1473 ciuitatem
650 1434 853 1485 preconari
880 1434 986 1473 iubet
1014 1439 1055 1473 ut
1086 1446 1223 1473 omnes
1242 1448 1266 1474 a
1292 1434 1455 1473 minimo
1483 1446 1607 1484 usque
1627 1434 1682 1474 20

190 1493 242 1531 ad
259 1492 489 1541 maximum,
509 1498 587 1532 tam
617 1493 689 1532 uiri
709 1506 827 1544 quam
846 1493 1040 1540 mulieres,
1070 1498 1149 1533 tam
1177 1493 1327 1533 nobiles
1356 1506 1473 1544 quam
1501 1493 1608 1544 igno-

191 1551 300 1599 biles,
329 1565 439 1603 reges
477 1565 631 1603 quoque
658 1558 696 1592 et
731 1552 924 1604 principes
962 1558 1071 1592 extra
1107 1552 1302 1592 ciuitatem
1330 1552 1370 1591 in
1411 1553 1610 1603 quandam

191 1611 389 1663 planitiem
416 1611 531 1663 lignis
558 1612 755 1663 paleisque
782 1612 911 1652 onusti
940 1612 1206 1652 conuenirent.

189 1670 344 1759 Mane
362 1671 476 1722 igitur
495 1672 595 1711 sacto
614 1685 763 1720 omnes,
783 1671 894 1723 parui
913 1677 950 1711 et
977 1672 1122 1721 magni,
1141 1672 1335 1723 lignorum
1355 1672 1610 1723 uepriumque

308 1731 457 1771 onerati
498 1731 688 1771 fasciculis
730 1731 770 1771 in
811 1731 1052 1782 designatam
1089 1736 1372 1783 congregantur
1413 1731 1609 1782 planitiem
1629 1732 1682 1772 25

191 1789 322 1841 ibique
348 1803 419 1830 sua
456 1791 496 1830 in
535 1804 660 1831 unum
694 1792 895 1843 deponunt
934 1804 1067 1830 onera.
1122 1791 1250 1831 Facile
1286 1791 1487 1830 aduertere
1524 1790 1612 1841 quis

190 1854 330 1901 potest,
358 1856 502 1901 quanta
541 1850 594 1890 ibi
632 1851 826 1902 lignorum
866 1850 1065 1901 congeries
1102 1850 1227 1897 fuerit,
1265 1850 1332 1890 ubi
1369 1850 1456 1901 plus
1492 1862 1611 1900 quam

190 1910 357 1949 ducenta
374 1909 580 1950 hominum
608 1910 715 1950 milia
743 1923 864 1950 onera
874 1902 1033 1961 singula
1060 1910 1334 1961 deposuerunt.
1372 1909 1610 1975 Dolopathos

190 1973 321 2008 autem
349 1982 440 2008 cum
469 1969 623 2020 regibus
651 1970 967 2021 principibusque
993 1983 1039 2009 ac
1075 1969 1209 2020 regina
1235 1981 1324 2008 cum
1360 1968 1494 2020 puellis
1529 1968 1610 2007 suis

190 2028 376 2068 omnibus
405 2027 566 2068 onustis
606 2028 790 2081 uepribus
832 2029 881 2068 ad
914 2028 1044 2068 locum
1085 2029 1202 2080 pedes
1241 2028 1431 2075 ueniebat,
1478 2027 1612 2067 dextra
1629 2029 1685 2068 30

192 2088 348 2138 quidem
374 2101 496 2128 manu
524 2089 655 2140 ignem
681 2089 844 2140 leuaque
873 2088 1096 2128 fasciculum
1126 2088 1235 2140 palee
1262 2092 1434 2138 portans.
1489 2086 1612 2126 Porro

192 2147 376 2187 Lucinius
416 2154 458 2188 ut
497 2161 622 2200 agnus
667 2148 857 2188 innocens
899 2161 944 2187 ac
988 2153 1218 2187 mansuetus
1259 2147 1344 2187 sine
1381 2159 1489 2194 uoce,
1527 2145 1612 2185 sine

192 2206 454 2255 reluctatione,
490 2207 604 2247 nudis
641 2208 804 2259 pedibus
837 2207 1097 2257 manibusque
1134 2208 1183 2246 ad
1219 2211 1371 2258 tergum
1408 2204 1533 2257 ligatis
1566 2217 1612 2244 ac

192 2270 274 2306 toto
310 2267 478 2306 nudatus
517 2280 678 2319 corpore
717 2268 767 2307 ad
801 2266 1032 2318 supplicium
1070 2266 1293 2306 ducebatur.
1358 2265 1458 2304 Cum
1497 2263 1612 2315 igitur

310 2367 333 2402 3
362 2368 407 2404 al.
433 2369 526 2412 fehlt
547 2368 645 2413 PpV
665 2387 708 2392 —
733 2368 766 2403 ei
790 2368 882 2411 fehlt
907 2368 1038 2412 LOPp.
1065 2385 1110 2392 —
1141 2367 1164 2401 5
1189 2364 1354 2400 effrenati
1382 2364 1511 2409 OPpV
1532 2364 1611 2406 (nec

192 2420 343 2457 rebelles
375 2433 443 2457 nec
466 2422 630 2457 effrenati
666 2425 707 2456 nt
731 2421 754 2457 i.
780 2421 858 2466 Pp).
899 2440 939 2446 -
973 2422 996 2455 6
1020 2419 1217 2455 imbecill&
1245 2418 1317 2454 OV
1335 2437 1381 2444 -·
1405 2428 1480 2452 occ.
1505 2425 1611 2460 nega—

193 2474 281 2510 bant
305 2475 413 2520 PpV.
442 2495 482 2501 —
513 2475 556 2510 12
590 2474 746 2519 agebant
770 2475 816 2510 L.
849 2492 894 2498 —
932 2474 976 2508 14
1000 2484 1071 2509 am.
1106 2472 1166 2508 uel
1202 2471 1292 2515 fehlt
1326 2470 1456 2515 ospV
1477 2490 1523 2496 —
1547 2467 1611 2503 sed

190 2528 289 2573 quod
313 2529 488 2564 sentirent
511 2528 694 2564 edicerent
721 2527 807 2572 Οῇ)
818 2527 860 2562 V.
894 2547 941 2554 —-
985 2527 1029 2562 18
1053 2525 1209 2572 probant
1237 2525 1276 2559 Ο.
1305 2543 1344 2550 -
1383 2524 1427 2558 19
1452 2523 1547 2558 decr.
1572 2524 1613 2556 ut

193 2591 282 2626 rogo
306 2582 428 2617 iniecti
452 2592 519 2627 pro
543 2581 607 2617 tali
631 2581 790 2617 incestus
814 2580 1038 2625 turpitudine
1062 2577 1285 2614 concremari
1309 2577 1376 2621 ἢ).
1395 2594 1437 2600 -
1457 2575 1502 2610 27
1528 2585 1611 2610 con-

193 2635 335 2680 geu-iens
363 2635 410 2671 L.
436 2656 482 2662 —
506 2635 554 2670 28
570 2635 661 2679 sing.
679 2635 769 2679 fehlt
797 2632 984 2678 OPpV—
1012 2634 1211 2678 posuerunt
1235 2630 1326 2675 L0p
1336 2630 1379 2665 V.
1409 2648 1448 2655 —
1476 2627 1524 2663 34
1546 2637 1612 2662 nu·

194 2687 280 2724 dato
304 2699 335 2724 c.
364 2688 497 2733 OPpV.
