1800 2930
793 175 1069 214 ...50-

222 287 301 328 iam
329 288 454 328 balteo
483 288 717 340 cingebatur.
776 289 902 338 Quem
929 302 1018 329 cum
1038 295 1146 342 pater
1172 290 1287 330 nimis
1307 295 1438 330 tenere
1457 290 1642 342 diligeret,

223 359 361 387 omnes
389 347 423 387 ei
452 360 542 402 suas
577 347 754 400 exposuit
791 348 942 388 diuitias
979 349 1164 400 iussitque
1202 355 1244 389 ut
1270 350 1374 401 large
1415 351 1640 401 expendens

221 406 367 447 famam
395 407 467 447 sibi
495 412 532 447 et
560 407 704 448 amicos
730 407 870 448 diuitiis
898 414 1149 460 compararet.
1188 410 1274 460 Ipse
1292 422 1385 449 uero
1413 422 1460 448 ex
1487 409 1640 449 licentia

221 466 392 517 paternis
420 466 632 506 fiducialius
659 467 878 518 largiusque
907 473 1022 507 utens
1050 468 1167 507 rebus
1196 481 1329 519 equos,
1359 482 1479 517 arma,
1509 474 1637 508 uestes

176 529 200 568 5
221 530 423 577 ceteraque
452 526 590 576 quibus
625 527 747 578 magis
785 527 1075 567 adolescentum
1111 533 1192 567 etas
1220 528 1348 568 extolli
1384 528 1643 578 delectarique

220 585 328 634 solet,
375 585 519 625 studuit
559 599 796 637 comparare,
839 586 984 626 amicos
1034 587 1178 627 multos
1229 587 1455 627 muneribus
1501 600 1637 626 emens

219 644 327 685 facile
354 650 441 696 post
468 658 633 685 munera
659 646 713 700 abv
737 645 908 685 amicicia
935 659 1168 686 recessuros.
1224 647 1266 686 ln
1289 646 1395 686 breui
1424 660 1515 698 ergo
1543 652 1639 686 tem·

218 716 311 755 pore
337 704 484 744 loculos
512 704 631 756 patris
659 704 809 752 minuit,
849 706 1038 745 exhausta
1075 706 1238 757 pecunia
1265 707 1314 746 ad
1354 711 1502 757 patrem
1540 706 1636 745 redit

217 763 350 803 dicens
378 763 451 803 sibi
478 764 664 815 pecunias
694 764 888 804 defecisse.
945 765 1057 804 Tunc
1091 766 1247 805 demum
1278 771 1386 817 pater
1421 766 1636 815 recogitans

149 826 199 866 10
217 835 349 862 secum
369 823 623 875 penitensque
642 823 748 863 facti:
779 824 985 873 Quoniam,
1004 823 1140 874 inquit,
1160 830 1210 874 te,
1239 825 1302 873 fili,
1333 825 1446 865 nimis
1465 830 1502 864 et
1521 825 1641 864 stulte

216 882 343 931 dilexi,
391 882 570 933 quicquid
616 883 811 922 habebam
852 889 917 922 tue
958 883 1205 924 subdideram
1246 884 1434 936 potestati.
1504 885 1555 923 At
1593 890 1634 923 tu

215 955 380 982 cernens
409 942 562 982 frenum
590 942 658 981 tibi
696 943 868 982 laxatum
896 944 1148 994 temperantie
1185 943 1391 984 immemor
1425 944 1477 983 ita
1504 944 1637 983 omnia

214 1001 502 1053 consumpsisti,
532 1006 574 1041 ut
602 1001 720 1041 nichil
757 1002 875 1041 michi
903 1007 1031 1054 preter
1068 1003 1191 1042 solam
1221 1003 1382 1043 domum
1423 1003 1635 1054 reliqueris.

213 1061 313 1110 Quid
342 1066 436 1112 ergo'
460 1061 527 1100 tibi
547 1061 670 1112 magis
698 1061 862 1101 faciam?
899 1062 1018 1102 Doleo
1039 1062 1193 1113 quidem
1212 1063 1315 1113 quod
1343 1063 1445 1102 fama
1473 1076 1633 1102 nomen-

145 1125 193 1164 15
213 1134 287 1171 que
314 1126 427 1160 tuum
462 1121 502 1160 in
531 1121 624 1160 ssore
661 1120 873 1160 iuuentutis
911 1122 1067 1173 deperit,
1106 1122 1173 1161 sed
1201 1123 1305 1161 unde
1341 1127 1378 1161 te
1419 1127 1634 1162 sustentem

212 1193 292 1220 non
321 1180 461 1220 habeo.
518 1180 604 1220 Hoc
631 1185 783 1220 tantum
812 1194 935 1220 unum
971 1186 1147 1233 superest
1183 1181 1344 1229 consilii,
1380 1183 1447 1221 sed
1485 1182 1633 1234 pericu-

209 1240 352 1288 losum,
396 1245 438 1280 ut
476 1239 508 1280 si
543 1253 590 1279 ea
628 1240 801 1291 largitate
843 1254 918 1291 qua
960 1241 1066 1293 prius
1106 1241 1237 1280 uiuere
1286 1240 1357 1289 uis,
1408 1242 1545 1280 turrim
1586 1242 1626 1281 in

227 1313 302 1350 qua
330 1299 429 1351 regis
470 1299 583 1351 positi
627 1305 720 1339 sunt
764 1300 936 1339 thesauri
976 1301 1049 1339 sub
1086 1313 1222 1339 oscure
1251 1300 1373 1340 noctis
1410 1301 1560 1340 silentio
1597 1301 1631 1340 si

221 1359 337 1399 adeas
384 1359 608 1399 audeamus.
683 1359 825 1399 Audito
871 1360 945 1399 hoc
991 1360 1114 1400 filius:
1178 1360 1350 1407 Nullum,
1397 1359 1461 1408 ait,
1509 1366 1630 1412 pater,

145 1426 198 1468 20
218 1432 337 1470 graue
372 1418 460 1459 licet
487 1419 700 1470 periculum
729 1424 856 1459 tecum
884 1419 1015 1459 subire
1052 1419 1208 1471 refugio,
1245 1425 1396 1459 tantum
1425 1433 1476 1459 ne
1503 1420 1631 1460 desint

210 1478 358 1527 diuitie‚
415 1491 465 1518 ne
511 1478 543 1518 si
584 1478 646 1518 ille
693 1478 918 1526 defecerint,
967 1479 1136 1519 nominis
1183 1492 1336 1530 quoque
1386 1479 1462 1518 mei
1507 1479 1627 1530 gloria

207 1542 425 1578 euanescat.
457 1560 504 1566 —
535 1537 607 1577 Hic
635 1551 728 1586 non,
757 1551 780 1578 o
809 1551 889 1587 reX,
919 1553 942 1578 a
970 1538 1111 1578 uirtute
1139 1539 1320 1590 sperabat
1345 1538 1519 1590 gloriam,
1557 1538 1624 1590 qui

207 1611 295 1637 eam
322 1597 494 1650 pecuniis
513 1598 576 1637 uel
604 1597 713 1637 furtis
733 1603 935 1649 putauerat
963 1598 1148 1638 obtinere.
1173 1621 1219 1626 ——
1241 1598 1491 1650 Consurgunt
1509 1598 1623 1649 igitur

206 1657 323 1696 ambo
350 1662 476 1705 nocte,
514 1657 652 1696 turrim
688 1658 844 1706 adeunt,
873 1658 1068 1709 perforant
1104 1658 1252 1697 malleis
1280 1658 1410 1697 ferreis
1447 1671 1626 1698 murum:

138 1720 189 1760 25
210 1715 328 1756 intrat
355 1721 464 1768 pater
492 1716 719 1767 sublatoque
747 1721 936 1767 quantum
973 1717 1114 1769 placuit
1142 1718 1189 1756 de
1226 1717 1410 1756 thesauro
1445 1717 1535 1757 exiit
1564 1718 1629 1757 ob·

206 1775 397 1826 struitque
425 1776 615 1817 foramen.
669 1776 934 1816 Reuertuntur
960 1777 1121 1816 domum
1158 1776 1287 1816 onusti
1317 1776 1453 1828 opibus
1482 1777 1628 1825 alienis,

205 1840 243 1875 et
271 1835 423 1875 iuuenis
450 1835 591 1875 iterum
620 1849 690 1875 sua
718 1835 836 1875 utitur
871 1835 1057 1888 largitate.
1114 1837 1450 1886 Quandocumque
1487 1836 1628 1876 iterum

204 1907 303 1947 opus
349 1899 431 1935 erat
472 1895 621 1946 opibus,
665 1896 714 1935 ad
755 1896 981 1935 thesaurum
1024 1895 1097 1935 sibi
1139 1901 1274 1935 notum
1313 1896 1619 1935 reuertebantur.

204 1954 370 2006 Contigit
397 1959 528 1994 autem
555 1959 597 1994 ut
625 1968 693 1995 rex
728 1955 956 1995 thesaurum
993 1969 1109 1995 suum
1137 1955 1267 1994 uidere
1295 1955 1421 2002 uellet,
1459 1955 1623 1995 accersi-

130 2019 185 2058 30
204 2019 320 2065 toque
347 2015 505 2054 custode
533 2014 650 2054 intrat
678 2015 814 2054 turrim
848 2015 1028 2066 uidetque
1056 2028 1239 2066 magnam
1269 2014 1439 2054 thesauri
1470 2020 1619 2066 partem

327 2093 343 2127 1
371 2092 591 2136 fungebatur
620 2093 658 2127 O.
684 2111 730 2117 -
756 2094 777 2127 3
803 2092 875 2128 diu.
900 2093 989 2137 fehlt
1018 2093 1150 2137 OPpV.
1176 2113 1221 2119 —
1238 2092 1262 2127 4-
1286 2092 1397 2137 patris
1434 2092 1557 2137 OPpV
1579 2112 1627 2116 —

202 2146 224 2181 6
249 2145 369 2181 studet
394 2148 642 2190 contemptare
667 2146 701 2180 P
720 2166 765 2172 —-
793 2146 812 2181 7
839 2146 878 2180 In
905 2147 995 2190 fehlt
1020 2147 1074 2191 Pp
1099 2165 1146 2170 —
1171 2146 1193 2180 8
1217 2146 1336 2181 loculo
1361 2157 1394 2191 p.
1415 2145 1547 2180 minuit
1563 2156 1620 2180 ex-

200 2199 331 2234 hausta
355 2199 565 2242 (exhaustus
590 2200 635 2241 V)
661 2210 737 2244 pec.
759 2200 886 2245 OPpV
907 2219 951 2224 —
978 2201 1000 2234 9
1018 2199 1180 2244 cogitans
1210 2200 1344 2244 OPpV.
1373 2219 1418 2225 —
1446 2200 1490 2234 10
1515 2203 1550 2234 et
1574 2202 1620 2234 st.

199 2254 290 2298 fehlt
306 2253 396 2299 OPp
404 2254 445 2288 V.
463 2272 506 2278 —
524 2253 567 2288 13
581 2253 802 2298 relinqueres
815 2254 920 2298 PpV.
934 2272 979 2279 -
996 2254 1040 2288 14-
1053 2253 1197 2298 quidem
1216 2253 1352 2288 samam
1366 2263 1401 2288 n.
1419 2255 1521 2288 tuum
1536 2253 1573 2288 in
1588 2253 1622 2291 ss.

200 2309 265 2342 tue
289 2306 312 2342 i.
339 2306 500 2351 deperire
520 2306 658 2352 OPpV.
682 2327 729 2331 —·
756 2307 799 2342 16
824 2317 939 2342 unum
963 2307 1053 2351 fehlt
1080 2307 1269 2352 OPpV.-
1286 2307 1330 2341 18
1354 2317 1480 2351 regum
1506 2307 1560 2351 Pp
1578 2328 1623 2334 -

199 2363 285 2396 sunt
325 2360 471 2405 repositi
510 2361 546 2396 V
576 2379 616 2385 —
657 2359 688 2395 si
725 2361 835 2396 audes
872 2361 977 2406 PpV,
1017 2361 1107 2405 fehlt
1146 2360 1186 2397 O.
1227 2381 1273 2386 —
1308 2361 1351 2395 19
1376 2353 1424 2395 fil.
1467 2360 1622 2396 multum

198 2414 346 2459 gauisus
371 2417 424 2450 est
448 2414 555 2449 Pater
579 2414 603 2449 1.
629 2417 744 2459 επεὶ
768 2415 1011 2459 periculosum
1032 2416 1072 2449 V.
1101 2433 1144 2439 -
1170 2414 1323 2449 Multum
1348 2414 1399 2448 ait
1423 2425 1457 2459 p.
1474 2425 1527 2459 gr.
1546 2414 1567 2450 l.
1587 2418 1623 2449 et

197 2467 440 2513 periculosum
465 2467 511 2503 sit
541 2470 664 2503 tamen
697 2469 829 2511 (tecum
859 2469 898 2511 Ο)
932 2468 984 2503 ire
1009 2478 1083 2503 non
1117 2468 1181 2503 ref.
1208 2468 1337 2510 (refuto
1366 2467 1447 2510 OV)
1482 2467 1571 2512 OPp
1580 2468 1621 2502 V.

199 2541 244 2547 -—
269 2522 379 2565 22123
417 2521 462 2567 gl.
489 2521 559 2557 nisi
597 2532 677 2558 eam
714 2521 905 2567 pecuniam
938 2522 997 2557 uel
1035 2522 1060 2557 f.
1085 2524 1226 2566 poterat
1256 2520 1330 2556 obt.
1360 2522 1455 2565 OPp.
1481 2521 1526 2565 gl.
1554 2521 1622 2556 nisi

195 2586 289 2620 eque
313 2575 467 2621 pecunia
491 2575 551 2611 uel
576 2575 602 2611 f.
627 2577 769 2620 poterat
793 2575 868 2611 obt.
900 2576 932 2610 V
940 2587 948 2617 ;
975 2576 1044 2612 Eb.
1069 2576 1145 2611 will
1161 2574 1314 2620 putabat
1338 2595 1383 2601 —
1408 2574 1519 2617 23s24
1536 2585 1624 2619 ergo

194 2628 258 2665 illa
293 2639 330 2664 n.
359 2630 492 2675 OPpV.
527 2650 572 2656 —
610 2629 657 2664 25
681 2629 860 2665 subintrat
897 2629 1030 2674 OPpV.
1069 2648 1114 2653 -
1152 2629 1198 2663 26
1231 2628 1370 2663 onerati
1405 2628 1539 2674 OpPV.
1575 2649 1621 2666 -.

195 2684 243 2719 29
268 2687 472 2729 uocatoque
507 2694 537 2719 c.
563 2683 674 2719 intrat
702 2684 828 2729 OPpV
858 2703 903 2709 -
935 2683 1059 2718 vident
1088 2694 1136 2720 m.
1163 2694 1197 2729 p.
1223 2682 1275 2718 th.
1301 2683 1366 2727 Pp.
