1800 2930
835 149 1109 188 ..48-

264 261 504 312 reperierunt
523 261 715 313 fidemque
734 262 1073 308 canisjntuentur.
1113 263 1263 303 Penitet
1291 264 1488 304 commissi
1506 265 1679 314 militem,

264 321 332 360 sed
360 333 459 361 sero.
490 343 536 349 —
568 321 750 369 Aduerte,
780 334 803 361 o
831 334 912 371 rex,
943 323 1133 373 duantum
1161 323 1223 363 isti
1257 323 1314 363 ira
1342 337 1500 376 preceps
1536 325 1679 373 nocuit,

264 380 358 419 dum
397 379 490 420 illud
528 381 632 420 unde
670 381 827 421 uiuebat
867 381 1108 432 impetuosus
1145 382 1318 423 extinxit.
1375 382 1435 423 Tu
1472 388 1601 423 autem
1631 397 1681 424 ne

262 439 358 479 forte
385 439 483 479 sicut
511 445 548 479 et
575 440 646 480 iste
674 441 881 492 penitenda
909 442 1139 490 committas,
1168 442 1246 482 noli
1275 443 1500 495 precipitare
1527 449 1680 484 senten-

216 502 242 540 ὃ
262 498 367 547 tiam,
396 500 465 539 sed
493 499 654 540 consilio
681 513 769 540 meo
808 506 922 540 utens
951 507 1117 541 retracta
1157 507 1194 541 et
1223 503 1381 542 reuolue
1418 503 1539 554 leges:
1584 503 1680 543 forte

261 558 438 598 inuenies
465 559 608 610 aliquid
636 560 761 599 latens
790 573 867 611 quo
896 560 996 600 filius
1035 566 1124 600 tuus
1152 562 1345 602 liberetur.
1402 562 1448 602 Et
1490 562 1579 613 quia
1612 563 1680 602 tibi

262 631 386 658 unum
414 619 461 658 de
480 619 664 659 thesauro
683 633 771 659 meo
791 621 1013 671 exemplum
1035 620 1186 671 protuli,
1215 634 1308 672 rogo
1329 627 1365 661 te
1392 627 1435 662 ut
1462 623 1547 662 loco
1565 623 1680 662 bene·

261 677 336 717 ficii
364 678 425 718 uel
454 679 627 718 muneris
656 679 776 718 uitam
814 684 880 718 tuo
915 681 1017 730 quod
1046 686 1221 731 superest
1262 681 1335 720 diei
1364 682 1440 720 filio
1477 683 1679 722 concedas

262 736 303 776 Si
331 737 487 777 interim
515 737 659 789 aliquid
687 738 836 778 consilii
865 739 1125 779 intercesserit
1153 740 1322 780 melioris
1351 746 1393 780 ut
1421 741 1539 790 uiuat,
1569 747 1679 781 tuum

191 799 242 838 10
261 796 333 836 erit
366 797 550 848 gaudium
590 803 626 837 et
655 799 924 846 ccmmodum3
967 798 1028 838 sin
1065 804 1206 847 autem,
1245 801 1294 839 ad
1329 800 1367 840 id
1408 802 1679 851 exequendum

261 857 363 907 quod
410 869 567 908 ceperas
609 870 694 896 cras
738 857 830 897 satis
877 858 1005 897 adhuc
1047 858 1209 898 festinus
1252 861 1420 899 accedes.
1494 860 1546 900 At
1592 874 1678 900 rex:

259 915 466 964 Quoniam,
495 916 562 964 ait,
589 916 733 956 mirum
752 930 823 956 nec
842 931 866 956 a
884 930 947 957 me
977 918 1104 957 adhuc
1129 918 1333 969 quicquam
1353 919 1476 959 simile
1504 920 1679 960 auditum

259 975 438 1023 narrasti,
468 989 548 1014 non
577 989 738 1027 possum
766 975 834 1015 tibi
855 977 957 1027 quod
986 977 1115 1028 petisti
1144 991 1296 1029 negare.
1336 978 1475 1030 Sicque
1502 992 1570 1019 rex
1590 993 1678 1019 cum

259 1034 337 1073 filio
366 1034 549 1085 omnique
569 1035 710 1087 populo
739 1037 788 1075 ad
817 1036 1010 1076 ciuitatem
1038 1050 1221 1077 reuersus
1255 1038 1323 1078 est'
1341 1043 1378 1078 et
1412 1039 1566 1090 sapiens
1594 1052 1678 1091 pro-

191 1097 239 1135 15
259 1094 428 1145 positum
457 1094 578 1146 carpit
595 1095 689 1136 iter.

257 1154 441 1242 lubente
469 1155 609 1193 iterum
638 1168 726 1206 rege
751 1159 980 1195 retractatur
1010 1157 1214 1206 sententia,
1243 1158 1426 1209 repetitur
1460 1159 1677 1207 consilium,

326 1213 549 1265 releguntur
566 1214 683 1265 leges⁷
713 1216 781 1254 sed
801 1214 919 1255 nichil
939 1215 1042 1255 aliud
1070 1229 1188 1267 quam
1209 1219 1311 1267 quod
1340 1218 1466 1269 primo
1486 1219 1677 1270 prolatum

258 1270 381 1312 fuerat
408 1272 618 1313 inuenitur.
675 1274 788 1313 Tunc
815 1288 932 1314 mane
967 1275 1068 1315 facto
1109 1289 1177 1316 rex
1214 1290 1310 1317 uoce
1343 1278 1521 1329 preconis
1560 1279 1677 1318 totius

257 1331 388 1383 populi
406 1333 652 1372 multitudine
671 1339 903 1385 congregata
921 1348 1011 1374 cum
1039 1335 1193 1387 regibus
1213 1341 1250 1376 et
1268 1336 1517 1389 principibus,
1546 1338 1678 1389 regina

185 1395 238 1434 20
257 1396 294 1430 et
322 1391 412 1439 filio,
443 1392 612 1432 oneratis
651 1393 811 1444 singulis
845 1394 961 1445 lignis
999 1400 1065 1435 aut
1103 1396 1287 1447 uepribus
1327 1398 1376 1436 ad
1415 1397 1544 1437 locum
1580 1398 1677 1437 redit

255 1451 441 1503 supplicii.
499 1452 695 1492 Succenso
723 1452 864 1493 iterum
893 1454 981 1505 igne
1008 1455 1162 1495 iubetur
1182 1455 1283 1496 filius
1311 1470 1334 1497 a
1362 1461 1469 1508 patre
1496 1457 1537 1497 in
1565 1458 1673 1497 flam-

254 1523 340 1550 mas
369 1511 500 1562 proici‚
529 1513 597 1551 sed
626 1513 700 1559 hoc
728 1527 752 1552 a
779 1514 886 1553 nullo
914 1515 1161 1565 presumitur.

321 1575 334 1610 t
361 1584 449 1610 ecce
485 1570 596 1611 asino
624 1586 767 1624 magno
802 1573 976 1614 insidens
1011 1574 1223 1615 uenerandi
1256 1575 1412 1616 habitus
1449 1590 1570 1616 senex
1608 1591 1676 1629 per

345 1630 513 1670 mediam
542 1631 715 1671 uirorum
744 1645 789 1672 ac
825 1632 1033 1673 mulierum
1068 1634 1354 1675 multitudinem
1383 1641 1488 1676 recto
1525 1636 1676 1677 tramite

182 1694 235 1733 25
255 1694 389 1729 uectus
434 1690 514 1741 regi
557 1704 598 1731 se
640 1705 729 1731 cum
780 1706 888 1732 ramo
920 1693 1039 1733 'oliue
1080 1694 1229 1734 obtulit.
1321 1695 1396 1743 Qui
1440 1701 1481 1735 ut
1517 1697 1675 1736 decebat

255 1761 385 1800 regem
405 1755 643 1801 cunctosque
663 1751 728 1802 qui
747 1753 908 1791 aderant
928 1753 1100 1793 salutans
1120 1753 1383 1806 recipiensque
1402 1756 1674 1795 salutationem

255 1821 278 1848 a
305 1821 395 1860 rege
424 1809 560 1859 querit,
599 1810 690 1861 quid
718 1811 848 1863 populi
884 1812 1103 1860 conuentio‚
1140 1814 1231 1864 quid
1268 1815 1493 1855 adolescens
1532 1816 1673 1864 nudus,

255 1867 397 1918 quidue
425 1868 525 1920 ignis
554 1869 780 1921 significent.
811 1871 895 1910 Rex
922 1877 1053 1911 autem
1082 1873 1115 1912 ei
1154 1886 1221 1924 per
1249 1874 1424 1913 ordinem
1462 1880 1499 1914 et
1527 1875 1672 1915 crimen

255 1927 321 1967 filii
348 1933 385 1967 et
412 1929 631 1981 principum
660 1931 892 1971 sententiam
920 1945 1086 1972 narrans
1115 1933 1324 1984 interrogat
1352 1939 1389 1973 et
1416 1934 1498 1985 ipse
1526 1948 1672 1984 senem,

180 1992 235 2031 30
254 1987 340 2038 quis
368 1992 405 2027 et
433 1989 535 2028 unde
564 1995 676 2038 esset,
707 2003 781 2040 que
800 2003 891 2030 eum
910 1990 999 2031 illuc
1022 1992 1154 2031 uenire
1174 1992 1382 2032 necessitas
1411 1994 1670 2045 compulisset.

375 2114 391 2148 1
419 2114 630 2160 Penitetque
657 2115 809 2151 militem
834 2117 1096 2153 truculenciam
1120 2117 1323 2163 improuide
1340 2120 1572 2155 commissam
1590 2131 1670 2166 pen.

253 2177 282 2202 c.
309 2167 372 2202 sed
389 2178 469 2203 sero
488 2169 526 2210 P,
552 2171 593 2203 in
610 2180 640 2213 p
666 2170 723 2204 als
739 2171 984 2206 Randzusatz.
1007 2192 1052 2198 —-
1078 2172 1100 2206 2
1115 2172 1278 2208 nocuerit
1300 2174 1376 2207 will
1399 2173 1465 2208 Eb.
1489 2194 1534 2200 —-
1559 2175 1582 2209 4
1595 2185 1671 2219 pre-

253 2220 392 2266 cipitari
417 2222 460 2256 L.
499 2241 546 2246 —
583 2224 604 2257 6
630 2223 674 2259 al.
692 2223 782 2267 fehlt
807 2225 839 2258 L
876 2243 916 2249 —
952 2227 1037 2260 tuus
1061 2225 1150 2269 fehlt
1175 2227 1218 2261 L.
1248 2246 1287 2252 —
1317 2227 1336 2261 7
1363 2237 1478 2262 unum
1504 2228 1548 2262 de
1580 2228 1670 2263 mels

252 2274 426 2319 exemplis
455 2275 588 2320 OPpV
611 2296 650 2302 —-
680 2276 761 2313 ben.
788 2278 847 2312 uel
869 2278 963 2322 fehlt
991 2278 1122 2323 OPpV.
1148 2300 1193 2306 —
1226 2281 1247 2314 9
1272 2279 1400 2324 aliquis
1417 2291 1482 2325 pro
1507 2281 1581 2316 filio
1607 2285 1669 2317 tuo

252 2327 317 2363 int.
342 2328 471 2363 melius
496 2332 550 2364 est
567 2329 650 2375 OPp
659 2330 698 2364 V.
720 2350 759 2356 —
781 2331 866 2374 9l10
881 2342 916 2367 u.
935 2335 971 2367 et
985 2332 1053 2367 hoc
1067 2343 1099 2377 g.
1118 2333 1297 2378 OPpV—
1318 2334 1363 2368 10
1378 2337 1414 2369 et
1430 2344 1561 2369 comm.
1579 2336 1670 2378 fehlt

254 2381 388 2426 OPpV.
415 2403 460 2409 —
488 2383 528 2418 11
557 2384 734 2428 ceperatL
760 2403 802 2408 —
829 2387 865 2419 te
890 2396 994 2430 paras
1025 2386 1059 2419 V
1081 2405 1126 2411 —
1152 2387 1266 2422 eciam
1292 2398 1370 2422 cras
1397 2388 1502 2432 PpV,
1528 2387 1566 2423 in
1590 2400 1669 2424 cras

256 2435 293 2470 Ο.
321 2455 365 2461 -
394 2436 437 2471 15
455 2436 547 2481 cepit
564 2436 695 2481 OPpV.
723 2456 767 2461 --
796 2438 839 2473 16
858 2438 966 2482 igitur
990 2440 1095 2484 PpV.
1121 2461 1166 2467 —
1195 2441 1235 2475 17
1263 2440 1491 2486 propalatum
1508 2442 1573 2487 sp,
1591 2454 1670 2487 pro·

251 2488 448 2524 clamatum
478 2491 512 2525 V
528 2508 568 2514 -—
591 2491 634 2525 19
660 2494 696 2526 et
722 2491 833 2535 princ.
864 2492 954 2536 fehlt
982 2492 1052 2527 OV
1074 2513 1117 2518 —
1143 2504 1227 2529 cum
1251 2494 1376 2540 regina
1409 2496 1448 2529 V.
1477 2514 1519 2521 -—
1546 2496 1592 2531 23
1618 2507 1666 2532 m.

251 2552 344 2586 equo
367 2541 391 2578 i.
421 2542 547 2588 OPpV
569 2563 614 2569 —
641 2545 833 2580 reuerendi
868 2547 906 2581 V.
932 2566 978 2572 -—
997 2547 1041 2581 ⁹26
1067 2550 1275 2583 reuerenter
1298 2548 1362 2583 sal.
1396 2549 1431 2583 V
1450 2568 1496 2573 —
1521 2550 1667 2586 resalut.

259 2596 299 2632 V.
320 2615 361 2621 —
379 2596 424 2631 27
450 2600 653 2633 conuentus
683 2599 725 2633 V.
753 2618 798 2623 —
825 2599 872 2634 28
897 2598 1073 2644 significet
1098 2601 1199 2646 PpV.
1231 2620 1269 2627 -—
1297 2601 1344 2637 30
1360 2602 1432 2638 illic
1458 2603 1502 2639 L.
1520 2623 1564 2628 —
1582 2615 1666 2640 uen.

251 2649 343 2694 fehlt
371 2650 467 2696 OPp.
