1800 2930
794 184 1095 223 —102—

237 305 389 340 terrene
415 299 574 339 materie
610 304 653 339 ut
680 299 800 339 homo
828 298 1045 350 pregrauati
1083 311 1164 338 non
1203 304 1313 339 erant
1349 299 1532 350 nulloque
1569 311 1655 350 sug·

238 364 396 412 gerente
422 360 483 399 uel
512 357 731 410 instigante,
769 359 836 398 sed
863 358 1018 410 propria
1046 358 1198 399 malicia
1226 358 1267 398 in
1296 357 1424 410 ipsum
1458 363 1655 397 auctorem

238 432 356 459 suum
400 423 670 470 peccauerunt,
715 417 851 458 merito
892 417 933 457 in
973 423 1150 458 eternum
1191 419 1465 470 dampnantur.
1526 417 1656 456 Homo

239 484 369 520 autem
393 478 458 530 qui
485 478 639 530 proprie
657 477 786 518 carnis
812 478 915 518 mole
933 483 1114 530 grauatus
1141 478 1279 529 angelo
1298 477 1401 517 malo
1429 482 1658 528 suggerente

173 536 219 574 >5
240 538 423 590 peccauit,
452 538 609 578 ueniam
634 539 708 578 'deo
737 538 947 578 miserante
975 542 1205 578 consecutus
1233 542 1302 577 est.

239 597 470 686 Lucinius:
501 597 776 647 Sufficientem‚
804 597 939 648 inquit,
969 598 1016 637 de
1042 598 1118 637 hoc
1145 597 1339 637 reddidisti
1360 596 1562 643 rationem,
1591 595 1660 635 sed

340 658 467 697 adhuc
494 657 635 697 uellem
664 657 760 697 scire
781 657 873 707 quid
903 662 945 697 tu
974 658 1022 697 de
1041 657 1112 696 diis
1141 656 1282 696 nostris
1311 655 1466 696 sentias.
1505 655 1565 694 Ad
1586 655 1660 694 hoc

239 717 319 757 ille:
359 716 461 765 Quid
502 716 618 764 aliud,
661 716 724 762 ait,
768 729 885 767 quam
926 717 1029 767 quod
1074 721 1185 767 poeta
1231 715 1408 767 Virgilius
1451 714 1660 754 sentiebat:

241 775 452 816 ‘Primus’
481 775 660 827 inquiens
700 776 758 815 ‘in
797 776 917 816 orbe
954 777 1065 815 deos
1107 775 1222 815 fecit
1258 775 1426 815 timor?
1482 774 1517 812 A
1560 773 1661 813 Nino

160 833 225 873 *10
243 835 349 876 enim
389 835 454 886 qui
495 835 643 887 primus
683 835 860 875 omnium
901 849 1011 875 arma
1050 848 1217 875 mouens
1258 835 1296 874 in
1336 840 1486 874 exteras
1528 838 1662 884 gentes

242 895 488 946 tyrannidem
517 894 685 935 exercuit
712 894 953 946 humanique
980 894 1165 935 effusione
1204 894 1402 945 sanguinis
1438 892 1662 932 hominibus

244 954 435 994 dominari
462 953 639 1004 quesiuit,
667 955 741 994 hee
769 959 893 994 statue
920 967 1049 1003 auree,
1087 958 1268 1006 argentee
1295 954 1495 1005 ligneeque
1532 966 1576 992 ac
1611 951 1663 991 la-

244 1013 354 1064 pidee
382 1018 419 1053 et
447 1014 643 1054 metalline
670 1013 821 1054 initium
849 1015 923 1054 hac
942 1014 1144 1055 occasione
1164 1018 1366 1065 ceperunt:
1396 1013 1520 1051 Ninus
1549 1012 1665 1062 siqui-

245 1074 346 1122 dem,
375 1086 464 1113 cum
493 1073 666 1113 dolorem
694 1087 742 1113 ex
769 1079 893 1114 morte
920 1074 1002 1114 Beli
1030 1073 1147 1125 patris
1183 1073 1242 1113 sui
1270 1073 1368 1113 ferre
1405 1085 1483 1112 non
1521 1076 1664 1123 posset,

161 1137 225 1176 115
245 1131 465 1184 ymaginem
484 1133 518 1172 ei
537 1132 727 1173 subtiliter
754 1133 966 1182 fabricauit,
995 1139 1037 1173 ut
1056 1147 1104 1173 ex
1122 1134 1199 1173 hoc
1217 1133 1355 1172 saltem
1383 1131 1666 1183 aliquantulum

245 1205 361 1231 suum
389 1197 620 1244 temperaret
638 1194 698 1232 uel
728 1193 854 1245 potius
883 1198 1055 1245 pasceret
1074 1205 1278 1232 merorem.
1336 1191 1502 1242 Eratque
1530 1190 1563 1230 ei
1582 1203 1666 1230 mos

244 1251 380 1291 diebus
422 1251 582 1303 singulis
610 1265 712 1303 genu
754 1253 854 1292 flexo
890 1252 1009 1304 patris
1049 1257 1218 1292 statuam
1256 1251 1427 1299 adorare,
1467 1251 1535 1290 sed
1573 1250 1667 1289 dum

245 1310 364 1351 dolori
402 1324 474 1351 suo
509 1311 612 1363 cupit
650 1312 880 1360 satisfacere,
921 1312 1017 1352 tanti
1045 1311 1185 1352 erroris
1224 1316 1407 1361 tanteque
1445 1308 1668 1361 perditionis

245 1371 467 1422 exemplum
494 1370 656 1422 prebuit.
712 1372 812 1411 Nam
841 1377 878 1412 et
915 1371 975 1412 alii
1003 1371 1075 1411 uiri
1114 1376 1289 1423 potentes
1328 1383 1396 1421 per
1433 1369 1525 1409 alias
1564 1366 1668 1409 orbis

175 1432 228 1472 20
246 1435 375 1482 partes
416 1431 559 1470 factum
600 1430 715 1470 huius
754 1431 889 1471 imitati
931 1431 1154 1483 parentibus
1191 1430 1270 1470 suis
1307 1434 1344 1469 et
1381 1429 1480 1469 caris
1521 1433 1669 1468 statuas

247 1494 470 1543 erexerunt;
498 1491 547 1530 ad
558 1486 659 1541 ⁴quas
678 1504 767 1530 cum
795 1491 1048 1542 confugerent
1066 1490 1133 1538 rei,
1155 1494 1321 1530 mortem
1351 1488 1425 1528 sibi
1452 1502 1476 1528 a
1503 1487 1669 1527 dominis

248 1561 318 1600 pro
346 1549 563 1589 commissis
582 1550 807 1590 criminibus
826 1549 956 1590 inferri
985 1550 1163 1589 timentes
1184 1550 1355 1600 ipsarum
1375 1547 1496 1599 gratia
1515 1547 1670 1587 ueniam

247 1609 509 1648 merebantur.
580 1609 775 1660 Ceperunt
819 1622 909 1661 ergo
955 1609 1059 1661 ipsas
1098 1608 1297 1660 ymagines
1341 1620 1505 1658 quarum
1550 1606 1672 1658 gratia

248 1667 384 1707 mortis
411 1667 617 1708 discrimen
655 1674 857 1709 euaserant
897 1682 970 1721 -pro
1008 1668 1079 1709 diis
1118 1669 1275 1716 habere,
1317 1667 1447 1718 sicque
1489 1666 1671 1718 paulatim

170 1729 229 1769 v25
247 1727 384 1767 herror
412 1727 531 1767 creuit
558 1728 731 1768 interra.
770 1728 847 1768 Sed
875 1734 912 1768 et
940 1729 1126 1768 demones
1145 1740 1299 1779 semper
1326 1726 1438 1766 saluti
1466 1724 1671 1765 hominum

248 1785 468 1828 inuidentes
496 1800 708 1839 eorumque
727 1787 950 1828 insistentes
978 1787 1194 1840 perditioni,
1224 1792 1266 1826 ut
1291 1791 1445 1838 ceptum
1473 1786 1673 1824 herrorem

249 1845 423 1887 tenacius
450 1847 675 1887 hominibus
703 1847 981 1900 imprimerent,
1010 1852 1166 1899 sumpta
1192 1847 1367 1886 humana
1395 1846 1519 1885 forma
1548 1844 1674 1896 nigro-

250 1905 439 1946 mantiam
452 1912 489 1946 et
509 1907 734 1958 ydolatriam
748 1909 963 1948 docuerunt
981 1907 1140 1959 ipsaque
1156 1906 1295 1946 deinde
1314 1906 1502 1945 intrantes
1518 1903 1673 1943 simula·

252 1978 317 2005 cra
345 1979 386 2005 se
406 1967 498 2006 deos
518 1966 753 2008 simulabant
770 1967 1029 2018 hominesque
1047 1966 1255 2017 aliquando
1284 1964 1477 2016 ambiguis
1491 1963 1673 2003 fallebant

179 2027 233 2066 30
251 2025 460 2077 responsis,
474 2027 804 2076 quemadmodum
814 2026 1021 2079 Delphicus
1033 2026 1095 2066 ille
1109 2026 1247 2078 Apollo
1259 2024 1415 2064 Pirrum
1429 2023 1674 2075 Epirotarum

252 2097 383 2136 regem
411 2085 592 2137 ambiguo
620 2086 767 2138 decepit
794 2099 931 2127 uersu:
972 2086 1078 2126 ‘Aio
1106 2085 1164 2125 te'
1194 2085 1374 2136 inquiens
1403 2083 1440 2123 ‘o
1467 2082 1674 2126 Eacida.

253 2144 506 2185 Romanos
526 2145 734 2186 uincere
752 2149 928 2198 posse’,
949 2146 1141 2198 duplicem
1162 2144 1365 2184 includens
1378 2155 1556 2183 sensum:
1571 2142 1674 2192 quod

253 2203 394 2244 scilicet
423 2209 460 2245 et
487 2204 642 2245 uincere
670 2211 801 2256 posset
820 2206 1021 2246 Romanos
1041 2210 1079 2245 et
1097 2204 1201 2244 uinci
1230 2218 1253 2243 a
1273 2202 1479 2251 Romanis3
1509 2214 1675 2252 quorum

253 2263 429 2312 alterum,
450 2263 482 2303 si
501 2264 645 2304 bellum
666 2264 783 2313 fieret,
804 2265 914 2305 Pirro
931 2264 1015 2304 sine
1030 2263 1148 2304 dubio
1162 2264 1336 2303 futurum
1351 2267 1443 2302 erat.
1473 2261 1674 2301 Postremo

182 2322 235 2362 35
255 2322 369 2362 etiam
395 2322 466 2374 ipsi
494 2323 636 2363 tiranni
664 2329 701 2364 et
729 2324 795 2375 qui
822 2324 862 2364 in
891 2323 1116 2364 criminibus
1144 2321 1371 2363 famosiores
1391 2320 1596 2361 extiterant
1624 2317 1676 2358 dii

375 2472 397 2507 6
422 2474 488 2507 rat.
506 2471 633 2507 dedisti
661 2470 795 2517 OPpV.
833 2490 879 2497 —
918 2472 937 2506 7
962 2471 1074 2506 uelim
1099 2472 1142 2506 L.
1169 2490 1216 2496 —-
1242 2471 1286 2505 15
1312 2470 1344 2505 ei
1370 2469 1548 2505 subtiliter
1575 2468 1676 2503 Com‘.

259 2525 305 2562 G.
323 2526 374 2567 P.‚
400 2525 433 2561 ei
457 2525 666 2571 simpliciter
689 2527 733 2568 L,
759 2525 792 2560 ei
817 2535 960 2560 summo
978 2524 1097 2560 studio
1123 2523 1164 2566 0,
1190 2523 1224 2559 ei
1241 2523 1450 2568 suppliciter
1476 2522 1546 2567 Pp,
1573 2521 1605 2556 ei
1631 2520 1678 2556 si-

257 2579 383 2615 milem
413 2579 456 2614 V.
494 2599 540 2606 —
579 2579 622 2614 16
647 2579 707 2614 uel
731 2590 764 2624 p.
783 2589 878 2625 pasc.
904 2578 995 2622 fehlt
1026 2578 1152 2623 OPpV
1183 2598 1226 2604 —
1263 2577 1427 2613 dolorem
1461 2576 1545 2620 OPp
1554 2577 1593 2610 V.
1629 2590 1677 2600 -

260 2633 302 2668 17
329 2635 373 2669 st.
390 2632 548 2722 sgllqtatre
565 2633 607 2669 L.
629 2653 674 2660 —-
697 2633 740 2668 21
768 2632 820 2668 rei
846 2632 973 2668 mortis
990 2633 1026 2667 et
1041 2634 1198 2668 mortem
1220 2630 1307 2676 01²1>
1315 2631 1355 2666 V.
1374 2648 1418 2656 —
1433 2630 1541 2673 34135
1566 2629 1677 2664 Porro

258 2686 327 2731 ipsi
351 2690 376 2722 t.
461 2698 490 2732 p
530 2714 538 2722 .
