1800 2930
838 126 1113 165 -53-

269 239 375 279 uelut
402 239 494 280 solis
521 240 633 280 iubar
660 240 848 292 sapientia
874 241 1096 293 refulgebat,
1126 255 1204 282 non
1235 247 1320 294 post
1339 242 1504 282 multum
1532 248 1685 295 tempus

269 299 363 338 urbs
391 299 440 338 ab
470 299 670 339 obsidione
697 313 791 351 pace
818 300 918 340 inter
948 314 990 340 se
1017 306 1054 341 et
1080 302 1212 341 hostes
1241 301 1434 342 mediante
1461 303 1587 343 soluta
1614 308 1683 343 est.

269 358 354 398 Rex
393 363 524 398 autem
563 359 625 399 ille
666 360 891 400 adolescens
933 373 1022 400 cum
1064 361 1215 401 nullum
1261 362 1487 413 sapientem,
1535 363 1684 402 nullum

267 418 396 469 legum
437 418 606 469 iurisque
634 420 799 471 peritum
842 419 1102 460 consiliarium
1139 421 1534 470 haberet,—habebat
1580 422 1685 462 enim

221 477 249 516 5
267 478 411 517 multos
439 478 632 518 malorum
660 478 890 527 incentores,
920 485 1125 520 coetaneos
1155 480 1329 520 uidelicet
1357 493 1462 530 suos,
1502 481 1568 532 qui
1595 494 1685 522 eum

268 550 402 578 secum
418 539 455 577 in
472 551 589 578 omne
602 539 751 589 nephas
766 539 968 590 scelusque
988 540 1347 592 trahebant—cepit
1366 541 1497 580 omnia
1516 554 1685 581 corrum—

267 610 369 649 pere,
397 597 554 637 libidine
582 611 651 649 pro
680 598 827 638 ratione
856 598 923 646 uti,
963 612 1142 639 exercere
1180 599 1219 638 in
1257 600 1430 640 subditos
1460 600 1683 650 tirannides,

266 656 425 697 insidias
453 657 493 697 in
513 658 681 708 equales,
699 662 851 709 putans
875 658 948 701 sibi
975 658 1088 698 licere
1108 659 1287 710 quicquid
1306 660 1437 699 animo
1466 660 1683 711 placuisset.

266 716 424 767 Iamque
451 717 693 757 uenerabiles
720 717 824 768 leges
852 718 901 756 ab
931 731 1004 757 usu
1034 718 1257 759 deciderant
1284 732 1356 758 nec
1385 721 1600 759 secundum
1619 733 1685 759 eas

197 774 250 814 10
267 777 532 816 tractabantur
560 789 687 825 cause,
717 778 783 816 sed
804 777 933 828 sepius
962 777 1050 817 iusti
1070 791 1228 818 causam
1247 779 1309 818 uel
1328 779 1510 818 meritum
1530 780 1686 819 tollebat

265 835 407 887 impius
436 841 473 876 et
491 836 681 876 innocens
700 836 822 887 iniqui
841 837 1036 877 fortunam
1059 838 1285 878 sustinebat.
1328 839 1685 890 Corrumpebantur

265 896 359 935 boni
387 909 515 935 mores
553 901 589 935 et
624 895 723 935 uicia
760 909 830 947 pro
865 896 1072 936 uirtutibus
1110 898 1346 938 colebantur.
1402 899 1446 938 In
1483 899 1557 939 hac
1593 912 1684 950 ergo

267 955 493 995 confusione
520 955 728 996 constituta
756 956 850 996 urbs
878 961 1056 1007 terraque
1085 957 1138 996 illi
1168 956 1340 998 subiecta
1374 959 1422 998 de
1458 972 1500 998 se
1537 972 1685 1009 suoque

266 1028 354 1067 rege
385 1028 430 1055 ac
457 1015 695 1067 principibus
723 1016 859 1055 dolens
887 1016 1013 1056 dicere
1041 1017 1248 1068 cogebatur
1277 1019 1376 1068 quod
1411 1017 1502 1057 olim
1530 1018 1684 1069 sapiens

196 1073 246 1111 15
266 1074 430 1114 dixerat:
461 1075 560 1123 ‘Ve’,
591 1074 782 1126 inquiens,
814 1075 951 1116 ‘terre
971 1076 1104 1116 cuius
1125 1090 1206 1116 rex
1226 1090 1339 1128 puer
1364 1083 1452 1126 est,
1481 1083 1524 1117 et
1551 1078 1684 1117 cuius

266 1134 512 1185 principes
550 1148 684 1174 mane
721 1136 1007 1175 comedunt?
1064 1135 1222 1175 Interim
1260 1142 1389 1176 autem
1431 1136 1583 1177 iuuenis
1624 1137 1685 1177 ille

266 1193 330 1244 qui
351 1199 502 1245 patrem
520 1194 636 1234 morti
656 1194 899 1234 subtraxerat
926 1197 966 1234 in
996 1196 1101 1235 curia
1129 1201 1261 1247 utpote
1288 1196 1427 1236 nobilis
1460 1197 1684 1236 morabatur

265 1266 479 1304 causasque
507 1253 560 1293 ibi
579 1254 794 1305 propositas
815 1256 862 1294 ad
891 1260 1039 1305 patrem
1058 1254 1098 1294 in
1120 1255 1249 1295 abdito
1269 1256 1466 1295 referebat.
1509 1257 1683 1305 Quarum

265 1312 498 1352 solutionem
525 1327 549 1353 a
576 1318 684 1364 patre
713 1314 928 1365 suscipiens
957 1316 1006 1354 ad
1035 1315 1220 1366 palatium
1250 1316 1515 1355 reuertebatur
1543 1329 1684 1366 easque

190 1370 246 1410 20
263 1371 404 1412 iterum
418 1372 619 1423 diligenter
635 1374 827 1413 uentilans
843 1374 1086 1414 terminabat.
1108 1374 1220 1422 Quod
1235 1387 1323 1414 cum
1340 1375 1491 1415 cottidie
1507 1388 1684 1416 crescens

264 1430 305 1471 in
325 1431 511 1483 sapientia
530 1437 658 1483 ageret
686 1446 893 1484 regemque
912 1434 1095 1484 paulatim
1124 1435 1321 1474 reduceret
1340 1435 1388 1474 ad
1416 1435 1683 1475 rectitudinem

263 1491 342 1531 uite
370 1505 602 1543 morumque
629 1492 888 1542 honestatem,
918 1494 967 1533 ad
995 1498 1143 1533 tantam
1173 1494 1254 1534 eius
1293 1507 1359 1546 pre
1387 1495 1524 1534 ceteris
1553 1508 1683 1546 quam-

265 1563 381 1602 quam
409 1551 663 1591 nobilioribus
692 1551 969 1603 ditioribusque
997 1558 1154 1604 repente
1186 1554 1362 1604 peruenit
1388 1554 1684 1595 familiaritatem

265 1615 302 1651 et
330 1611 550 1660 amicitiam,
591 1617 633 1651 ut
661 1624 752 1651 eum
780 1612 950 1663 primum
988 1618 1026 1652 et
1064 1626 1180 1664 super
1217 1627 1355 1654 omnes
1394 1614 1607 1665 principem
1646 1619 1684 1654 et

188 1668 245 1707 25
264 1671 526 1711 consiliarium
556 1671 764 1711 ordinaret.
822 1672 899 1712 Sed
921 1673 978 1712 ⁴ob
1005 1673 1079 1712 hoc
1116 1672 1286 1713 maxime
1322 1673 1513 1714 sodalium
1550 1679 1684 1714 contra

263 1743 352 1770 eum
395 1731 631 1771 suscitantur
673 1731 823 1780 insidie‚
872 1732 959 1772 odia
998 1733 1297 1772 succenduntur.
1355 1733 1536 1773 Videntes
1578 1733 1683 1773 enim

263 1791 425 1831 iuuenes
462 1790 612 1831 nobiles
641 1804 756 1842 super
785 1805 827 1831 se
861 1792 969 1831 illum
997 1793 1221 1840 exaltatum,
1259 1806 1301 1832 se
1337 1806 1430 1832 uero
1458 1798 1501 1832 ut
1528 1793 1683 1833 inutiles

263 1854 391 1890 trusos
419 1856 643 1899 retrorsum,
672 1851 972 1902 indignabantur
999 1852 1249 1892 uehementer
1277 1857 1314 1892 et
1333 1853 1552 1903 cogitabant
1578 1853 1683 1892 unde

263 1922 353 1948 eum
390 1914 428 1949 et
456 1911 650 1960 quomodo
686 1915 923 1951 accusarent.
981 1911 1082 1950 Dum
1118 1916 1248 1959 autem
1286 1911 1347 1951 hic
1384 1912 1423 1951 in
1461 1912 1680 1960 uirtutibus,

186 1965 245 2004 30
262 1968 316 2008 illi
343 1969 382 2008 in
410 1968 562 2009 malicia
588 1976 818 2019 crescerent,
846 1971 953 2010 uenit
972 1970 1026 2011 eis
1054 1972 1102 2011 de
1129 1976 1238 2023 patre
1261 1971 1413 2011 iuuenis
1441 1972 1481 2011 in
1510 1977 1681 2011 mentem

383 2094 399 2128 1
435 2094 609 2139 temporis
634 2094 797 2140 spacium
822 2096 887 2140 Pp,
913 2105 986 2130 non
1013 2098 1093 2140 post
1117 2095 1301 2130 modicum
1325 2095 1496 2141 temporis
1528 2097 1568 2137 V,
1606 2107 1679 2131 non

262 2149 343 2191 post
368 2147 524 2182 multum
541 2148 715 2193 temporis
736 2150 775 2183 Ο.
793 2170 838 2175 -
857 2149 879 2184 3
893 2149 1033 2184 nullum
1051 2160 1115 2184 vor
1130 2149 1251 2194 legum
1276 2161 1350 2184 nur
1366 2150 1408 2184 L.
1430 2168 1470 2175 —
1490 2149 1680 2185 4habebat

261 2202 383 2235 autem
403 2202 486 2246 OPp
494 2202 534 2237 V.
563 2221 606 2227 —
630 2203 653 2237 5
670 2202 804 2238 multos
820 2202 1027 2238 incensores
1048 2204 1088 2245 V,
1115 2203 1294 2238 malorum
1313 2214 1388 2238 nur
1404 2203 1447 2238 L.
1466 2222 1509 2227 -
1529 2203 1549 2237 7
1572 2203 1678 2238 tiran-

261 2253 383 2289 nidem
425 2255 466 2289 V.
506 2272 549 2280 -·
587 2255 610 2290 8
642 2255 710 2292 ins.
744 2256 836 2300 fehlt
873 2255 944 2292 OV
978 2275 1019 2282 —
1055 2259 1091 2291 et
1125 2267 1218 2302 equa
1252 2256 1331 2302 lege
1367 2255 1435 2291 sibi
1473 2259 1547 2301 put.
1572 2256 1679 2292 licere

265 2307 398 2353 OPpV.
427 2327 475 2333 —
503 2308 548 2342 10
572 2308 631 2343 uel
655 2319 744 2344 mer.
769 2310 862 2353 fehlt
878 2310 974 2355 PpV
996 2330 1040 2336 —
1067 2310 1130 2345 sed
1154 2321 1228 2355 sep.
1255 2309 1396 2345 iusticia
1420 2309 1612 2345 tollebatur
1639 2312 1677 2347 Ο.

261 2380 307 2387 -
328 2361 367 2396 11
392 2361 478 2407 imp.
505 2388 513 2396 .
533 2389 541 2397 .
562 2389 570 2397 .
584 2365 672 2397 sust.
686 2362 777 2406 fehlt
792 2363 923 2407 OPpV.
952 2382 995 2388 —
1025 2364 1067 2398 12
1085 2363 1120 2399 b.
1134 2374 1254 2399 mores
1266 2363 1304 2398 in
1318 2363 1412 2398 uicia
1424 2367 1459 2398 et
1472 2374 1536 2408 pro
1550 2365 1614 2409 Pp,
1642 2364 1677 2399 b.

261 2425 310 2449 m.
335 2425 400 2460 per
424 2414 519 2451 vicia
550 2418 585 2451 et
618 2426 683 2460 pro
716 2416 757 2452 V.
785 2435 827 2441 —
859 2417 901 2451 13
927 2417 998 2452 illis
1023 2417 1102 2452 sub.
1128 2418 1192 2462 Pp.
1218 2436 1262 2443 —-
1291 2417 1335 2452 15
1352 2416 1520 2462 inquiens
1544 2429 1618 2452 nur
1635 2418 1677 2452 L.

262 2488 308 2495 —
336 2468 377 2503 17
404 2468 443 2503 in
461 2469 560 2504 curia
578 2469 638 2504 vbi
664 2470 749 2504 nob.
768 2471 904 2515 OPpV.
931 2491 976 2497 —
1006 2471 1049 2506 18
1074 2482 1201 2506 causas
1238 2470 1306 2506 sibi
1331 2482 1432 2516 prop.
1467 2471 1617 2506 audiens
1642 2476 1677 2506 et

261 2521 308 2558 ad
326 2532 360 2567 p.
386 2521 423 2557 in
441 2522 652 2558 abscondito
678 2523 742 2558 ref.
767 2524 903 2568 OPpV.
930 2544 975 2551 —
1002 2525 1318 2569 20determ.01>p.
1344 2545 1389 2551 —
1414 2525 1456 2559 21
1485 2524 1678 2560 adduceret

266 2576 349 2621 opp
357 2576 399 2611 V.
415 2594 458 2602 —
477 2576 524 2612 24
548 2588 576 2611 s.
602 2587 635 2613 ο.
653 2577 832 2622 principes
857 2578 975 2622 ipsum
994 2589 1046 2623 pr.
1061 2578 1196 2623 OPpV.
1214 2598 1260 2603 —
1277 2578 1323 2613 27
1348 2578 1432 2614 nob.
1459 2590 1543 2614 eum
1568 2590 1677 2624 super

261 2639 389 2665 omnes
413 2630 609 2666 nobiliores
626 2641 680 2666 ex.
701 2630 786 2677 OPp
797 2632 834 2667 V.
860 2651 905 2658 ——
931 2632 978 2667 30
1002 2631 1053 2667 illi
1079 2632 1116 2667 in
1141 2631 1195 2667 ira
1220 2631 1434 2677 maliciaque
1458 2643 1506 2667 cr.
1535 2632 1622 2678 01³1>
1632 2634 1674 2669 V.
