1800 2930
711 181 983 220 -13-

148 298 318 339 nascitur
347 297 424 350 regi
459 297 570 345 filius,
609 309 723 347 quem
764 295 845 347 ipse
873 307 895 334 a
923 294 1006 333 luce
1041 291 1304 333 denominauit
1337 290 1552 337 Lucinium,

150 372 198 398 eo
225 357 401 398 uidelicet
427 358 531 408 quod
559 356 598 395 in
628 360 715 395 ortu
743 353 807 394 filii
827 354 992 405 quedam
1020 353 1084 392 lux
1104 364 1253 398 serena,
1282 351 1446 402 quedam
1473 349 1554 390 dies

147 417 270 458 leticie
298 416 416 469 patris
450 416 583 456 animo
619 413 842 454 refulsisset.
896 411 1015 453 Cuius
1052 410 1173 451 eciam
1211 409 1420 450 natiuitatis
1453 410 1555 450 diem

149 482 257 529 pater
284 482 425 516 extunc
452 487 497 515 ac
524 473 705 525 deinceps
732 473 774 512 in
801 471 909 512 omni
946 471 1028 511 loco
1065 469 1341 510 dominationis
1378 481 1447 508 sue
1474 481 1555 520 pre-

148 536 247 587 cepit
275 535 536 586 sollempniter
563 531 757 573 celebrari.
813 532 915 571 Puer
943 543 1035 570 uero
1064 529 1224 569 traditus
1252 533 1310 568 est
1343 527 1556 567 nutricibus

149 596 198 635 ad
240 595 422 635 alendum
450 592 765 642 nutriebaturque
793 603 881 630 cum
917 602 1060 640 magna
1087 587 1279 639 diligentia
1307 600 1374 638 per
1410 591 1555 638 septem

149 667 276 695 annos
295 653 511 699 continuos,
531 664 654 702 usque
673 651 721 691 ad
742 656 892 701 tempus
912 648 1084 689 uidelicet
1105 649 1207 699 quod
1226 651 1412 687 statutum
1437 646 1558 686 fuerat

151 713 338 754 nobilium
366 712 452 752 filiis
479 712 528 752 ab
556 710 736 762 antiquis.
792 709 866 749 Hic
894 708 1082 760 siquidem
1110 720 1195 747 mos
1223 711 1304 746 erat
1331 718 1466 757 regum
1493 710 1559 745 aut

133 772 340 813 -nobilium
367 770 465 811 filios
494 784 574 810 non
602 775 716 810 antea
744 768 934 809 conuiuiis
963 773 1116 819 patrum
1144 766 1329 806 interesse
1357 778 1474 815 quam
1502 764 1559 803 in-

150 831 311 871 fantiam
337 843 414 882 que
441 829 642 881 septennio
670 828 911 876 terminatur,
940 826 1161 867 exiuissent.
1582 823 1630 861 10

150 890 302 979 Porro
329 889 566 941 Dolopathos
594 888 740 929 cunctis
769 887 841 928 sibi
870 900 917 927 ex
945 885 1135 926 sententia
1163 884 1455 936 procedentibus
1483 882 1560 923 iam

239 950 287 989 de
314 962 538 989 successore
565 961 723 988 securus
752 948 942 998 reliquum
979 946 1056 985 uite
1092 944 1132 984 in
1162 943 1303 984 deliciis
1345 943 1560 994 peragebat,

151 1022 224 1049 nec
252 1009 330 1048 ulla
357 1021 450 1048 cura
478 1008 561 1048 eius
588 1007 762 1047 animum
792 1006 1002 1057 occupabat
1037 1004 1112 1044 nisi
1139 1009 1289 1043 tantum
1328 1003 1375 1042 de
1402 1002 1561 1041 Lucinio

152 1067 371 1108 nutriendo.
427 1067 505 1107 Sed
532 1072 737 1119 postquam
766 1066 860 1106 anni
888 1065 1054 1105 circulus
1091 1063 1230 1114 septies
1265 1067 1322 1102 est
1350 1061 1561 1108 reuolutus,

151 1128 320 1168 nutrices
349 1140 511 1178 puerum
540 1126 786 1174 ablactatum,
822 1125 907 1165 rudi
944 1124 1021 1164 iam
1059 1122 1226 1163 infancia
1262 1121 1446 1172 deposita,
1479 1120 1564 1172 ipso
1586 1119 1634 1157 15

151 1186 312 1227 natalitii
340 1187 402 1226 sui
429 1186 489 1227 die
510 1186 628 1238 patris
656 1185 849 1233 conuiuio,
878 1185 981 1235 quod
1002 1189 1094 1223 tunc
1121 1183 1216 1222 forte
1236 1181 1388 1232 regibus
1407 1186 1445 1220 et
1462 1180 1564 1231 prin-

151 1246 301 1298 cipibus
328 1246 569 1297 congregatis
597 1245 860 1297 sollempniter
896 1244 1092 1295 agebatur,
1128 1246 1361 1293 presentant.
1416 1240 1564 1280 Gaudet

152 1311 261 1358 pater
287 1305 327 1345 in
367 1310 524 1356 aspectu
561 1304 638 1353 filii,
677 1305 920 1355 congaudent
957 1301 1055 1354 patri
1100 1300 1264 1341 conuiue
1300 1300 1564 1350 miranturque

153 1365 194 1405 in
214 1377 333 1417 puero
351 1363 522 1416 corporis
541 1364 875 1416 pulchritudinem,
895 1363 1148 1402 menbrorum
1176 1359 1417 1411 elegantiam,
1437 1359 1565 1398 uultus

153 1424 435 1477 simplicitatem
454 1428 775 1474 uenustatemque
803 1428 841 1463 et
868 1422 908 1462 in
936 1435 982 1462 eo
1002 1421 1119 1473 patris
1138 1420 1360 1472 ymaginem
1379 1431 1565 1458 ueneran-
1585 1418 1636 1456 20

154 1489 228 1524 tur.
285 1485 387 1524 Inter
413 1483 666 1523 conuiuantes
685 1488 814 1523 autem
834 1483 927 1522 dum
947 1486 1082 1521 mutuo
1101 1481 1148 1520 de
1168 1492 1286 1531 puero
1305 1479 1565 1529 loquerentur,

155 1543 295 1594 quibus
323 1543 500 1582 uidelicet
518 1542 711 1594 magistris
740 1548 777 1582 et
805 1541 995 1581 tutoribus
1024 1540 1181 1580 deberet
1210 1537 1400 1578 committi
1427 1537 1567 1576 instru-

154 1603 293 1649 endus,
321 1603 370 1642 ad
397 1601 625 1642 memoriam
652 1602 752 1653 regis
785 1605 965 1641 reuocata
998 1605 1055 1639 est
1084 1599 1249 1649 quedam
1277 1596 1449 1637 Platonis
1482 1609 1566 1636 sen-

156 1662 288 1709 tentia,
317 1674 393 1712 qua
411 1661 463 1701 ait
481 1661 629 1701 felicem
648 1661 728 1700 fore
747 1674 830 1701 rem
850 1659 1055 1712 publicam,
1074 1659 1107 1698 si
1126 1656 1343 1710 philosophi
1363 1661 1569 1708 regnarent

157 1721 220 1761 uel
237 1734 347 1772 reges
365 1721 741 1772 philosopharentur.
778 1720 836 1759 Ex
855 1719 964 1759 cuius
984 1718 1185 1759 occasione
1204 1716 1393 1757 sententie
1420 1716 1568 1755 bonum
1588 1715 1638 1752 25

158 1780 286 1820 uisum
306 1782 365 1820 est
383 1780 463 1831 regi
490 1786 527 1820 et
547 1780 728 1820 omnibus
756 1785 797 1819 ut
816 1779 1048 1831 philosopho
1096 1777 1310 1817 traderetur
1337 1775 1569 1815 erudiendus

157 1838 306 1880 artibus
325 1853 420 1890 quas
439 1839 614 1880 liberales
634 1844 788 1887 uocant,
807 1844 849 1878 ut
866 1838 1037 1878 videlicet
1056 1850 1124 1888 per
1143 1841 1244 1876 artes
1264 1836 1571 1885 documentaque

158 1899 333 1938 uirorum
353 1899 614 1950 prudentium,
643 1912 710 1950 per
729 1911 862 1949 regum
891 1903 928 1938 et
956 1897 1144 1937 nobilium
1164 1900 1283 1947 gesta⁷
1312 1908 1387 1945 que
1405 1893 1571 1934 inlibris

158 1958 377 2009 conscripta
405 1963 509 2007 sunt,
537 1963 574 1998 et
603 1972 644 1998 se
672 1963 710 1998 et
738 1957 913 1998 subditos
941 1957 1089 1997 facilius
1117 1968 1248 2008 regere
1282 1959 1411 2006 posset
1438 1958 1476 1994 et
1503 1954 1570 1993 ini-

1602 529 1626 565 07

159 2017 351 2057 micorum
381 2030 541 2057 suorum
570 2016 728 2057 insidias
756 2029 973 2068 precauere.
1590 2012 1642 2049 30

270 2142 286 2176 1
316 2141 409 2185 regis
438 2141 560 2186 OPpV
597 2160 640 2166 —
679 2139 873 2176 lucisnium
899 2140 932 2174 L
973 2159 1016 2164 —
1067 2135 1270 2172 nominauit
1302 2138 1343 2171 V.
1386 2156 1429 2161 —
1476 2137 1498 2171 3
1522 2147 1574 2171 re-

163 2194 253 2230 luxit
282 2195 341 2230 uel
367 2195 432 2230 ref.
457 2195 522 2239 Pp.
562 2215 606 2220 —
643 2195 666 2230 8
691 2193 757 2229 Hic
788 2193 934 2238 quidem
962 2191 1096 2236 OPpV.
1136 2210 1176 2216 -
1217 2194 1252 2225 et
1288 2189 1464 2225 nobilium
1496 2188 1574 2230 ΟΥ,

162 2247 411 2293 nobiliumque
436 2249 501 2293 Pp.
528 2267 572 2273 —
598 2250 620 2283 9
646 2247 732 2283 nob.
757 2250 797 2282 ut
822 2245 915 2281 filios
940 2256 1013 2280 non
1037 2245 1137 2289 prius
1154 2255 1263 2288 quam
1289 2254 1394 2279 conu.
1419 2243 1575 2278 infancia

162 2301 376 2337 interessent
400 2312 470 2347 que
494 2305 752 2347 septennorum
772 2310 925 2335 numero
950 2297 1213 2334 terminabatur
1228 2296 1384 2332 exuisset
1401 2298 1486 2338 (sic.)
1504 2297 1574 2340 Pp;

163 2357 203 2390 ut
238 2355 331 2390 filios
368 2366 441 2391 non
479 2355 609 2391 annuis
646 2354 745 2400 prius
772 2366 802 2389 c.
828 2353 852 2388 i.
878 2363 988 2397 quam
1019 2351 1176 2387 infancia
1213 2361 1283 2395 que
1319 2352 1575 2395 septennorum

163 2418 315 2444 numero
340 2408 602 2444 terminabatur
626 2408 783 2443 venisset
799 2406 1059 2448 OV(exivisset
1077 2404 1131 2448 0).
1150 2425 1195 2431 -
1211 2405 1255 2438 10
1270 2403 1423 2449 septimo
1442 2404 1484 2445 L,
1501 2414 1576 2448 sep·

163 2461 288 2498 tennio
315 2462 415 2497 Com‘.
432 2482 475 2487 —
503 2463 543 2497 11
564 2465 713 2497 cunctos
737 2460 918 2506 sapiencia
942 2463 978 2495 et
1002 2459 1133 2494 virtute
1157 2458 1352 2503 precedens
1376 2460 1411 2492 et
1435 2456 1509 2492 iam
1533 2457 1577 2491 de

164 2526 195 2550 s.
227 2515 269 2550 V.
298 2533 338 2540 —
376 2515 419 2551 12
444 2515 518 2551 uite
543 2526 607 2550 sue
633 2516 702 2551 del.
732 2515 864 2559 OPpV.
890 2533 935 2538 —-
964 2513 1007 2548 13
1033 2511 1184 2556 lucisnio
1210 2512 1253 2546 L.
1291 2532 1336 2537 —
1378 2510 1420 2545 15
1444 2521 1478 2556 p.
1503 2509 1577 2546 iam

166 2567 238 2604 abl.
267 2569 400 2613 OPpV.
428 2588 471 2594 —
497 2570 538 2604 21
568 2568 665 2603 Inter
689 2567 957 2603 conuiuendum
983 2567 1026 2601 L.
1053 2584 1096 2590 —
1123 2565 1170 2600 24
1194 2575 1264 2609 que
1288 2564 1338 2599 ait
1366 2564 1497 2608 OPpV.
1534 2581 1575 2588 —

167 2620 216 2656 25
239 2624 275 2657 et
299 2632 400 2666 reges
422 2623 506 2666 OPp
514 2623 554 2657 V.
572 2641 618 2647 —
636 2622 681 2657 26
699 2620 923 2666 philosophie
944 2620 1076 2664 OPpV.
1094 2638 1140 2643 —
1157 2618 1203 2653 29
1228 2617 1380 2662 ascripta
1406 2617 1460 2660 Pp
1469 2617 1515 2660 V;
1539 2615 1577 2651 in

166 2671 191 2709 l.
216 2674 443 2720 reperiuntur
467 2675 657 2711 annalibus
681 2674 731 2710 ita
756 2674 907 2710 disceret
931 2676 970 2708 ut
995 2683 1033 2708 se
1061 2672 1099 2706 0.
1137 2691 1178 2699 —·
1211 2672 1257 2706 30
1281 2673 1488 2715 precaueret
1513 2670 1576 2713 Pp.
