1800 2930
801 141 1075 180 -72-

232 256 296 297 uia
314 258 363 296 ad
382 256 580 296 sinistram
599 268 674 306 que
701 254 806 295 ducit
824 255 873 295 ad
893 253 1104 303 interitum,
1133 254 1238 294 uiam
1257 253 1435 305 periculis
1454 254 1648 294 subditam

232 317 279 356 de
308 329 384 366 qua
411 316 489 355 fere
508 314 603 355 nulli
622 314 747 354 redire
775 315 909 354 datum
929 319 999 362 est,
1028 314 1235 354 unanimes
1253 313 1465 362 declinetis,
1494 314 1646 354 utimini

231 375 416 415 electione
430 380 571 423 uestra,
601 387 724 415 nouas
743 373 856 414 uobis
872 372 1024 413 diuitias
1042 373 1250 413 latrociniis
1273 386 1363 413 cum
1382 373 1460 413 uite
1479 373 1649 424 periculo

229 435 301 474 sub
329 439 415 475 estu
443 434 535 475 solis
563 433 789 485 hyemisque
817 433 955 484 frigore
980 433 1264 484 conquirentes,
1293 432 1478 483 quoniam
1506 433 1647 472 harum

184 493 209 532 5
229 507 326 544 quas
351 494 478 534 habeo
507 493 727 533 diuitiarum
752 492 882 532 nullus
910 497 1084 532 uestrum
1103 493 1165 532 uel
1192 493 1448 542 quadrantem
1475 492 1649 533 habebit.

229 554 505 593 Verumtamen
540 546 669 592 sciatis
706 552 809 603 quod
847 552 977 603 paucis
1005 551 1122 591 huius
1159 551 1221 591 uie
1258 551 1510 591 sectatoribus
1547 551 1646 592 felici

228 612 332 652 exitu
359 613 527 663 gaudere
563 613 718 652 fortuna
754 610 950 663 permittit.
1007 611 1084 650 Sed
1121 611 1173 650 illi
1209 611 1489 651 ammonitione
1526 611 1646 663 patris

227 672 439 712 contemtui
465 671 597 711 habita
631 676 743 711 nocte
772 670 948 722 sequenti
977 683 1121 721 equum
1150 684 1226 721 quo
1263 671 1395 722 regina
1431 671 1651 710 uehebatur

226 733 335 771 omni
360 731 438 771 fere
466 731 587 782 pretio
623 729 965 782 incomparabilem
1002 730 1076 770 hac
1112 734 1194 770 arte
1222 730 1334 770 furati
1371 736 1481 772 sunt:
1523 730 1645 771 Colle-

156 795 207 835 10
225 796 364 842 gerunt
382 791 502 831 herbe
521 804 638 842 quam
658 803 795 830 eruum
816 802 1001 829 uocamus
1020 789 1245 829 fasciculum
1259 811 1304 817 —-
1319 790 1520 829 audierant
1538 790 1644 830 enim

224 863 368 902 equum
395 851 503 890 illum
540 849 626 890 talis
662 862 748 889 esse
777 854 913 888 nature
948 850 1052 899 quod
1091 862 1207 888 omne
1243 849 1373 900 pabuli
1409 863 1532 900 genus
1570 851 1644 890 hac

224 915 382 961 excepta
408 909 532 949 herba
559 908 773 949 fastitidiret
791 908 1088 959 —fratremque
1107 921 1222 947 suum
1241 908 1433 949 iuniorem
1453 910 1493 948 in
1521 910 1643 949 herba

223 969 459 1009 absconsum
500 973 611 1008 caute
648 968 696 1007 ad
737 968 864 1007 forum
902 980 1033 1007 rerum
1071 968 1269 1007 uenalium
1308 968 1407 1008 circa
1435 981 1644 1020 uesperum

223 1028 333 1079 quasi
360 1029 680 1068 uenumdandum
708 1026 938 1067 detulerunt.
995 1027 1092 1066 Ecce
1110 1033 1240 1067 autem
1269 1032 1399 1067 custos
1427 1028 1514 1078 equi
1533 1042 1644 1068 more

155 1093 202 1132 15
223 1087 334 1128 solito
363 1088 489 1128 forum
517 1087 771 1127 deambulans
799 1087 905 1126 hunc
933 1099 1025 1126 casu
1055 1100 1143 1126 cum
1168 1087 1348 1127 fasciculo
1376 1100 1448 1127 suo
1476 1088 1643 1139 repperit

223 1147 477 1198 nesciensque
503 1147 620 1186 latere
648 1146 781 1186 dolum
809 1146 902 1186 emit
929 1146 1103 1194 herbam,
1133 1145 1315 1197 imposuit
1343 1147 1528 1195 humeris,
1558 1148 1642 1187 tulit

222 1206 263 1246 in
291 1206 500 1255 stabulum,
539 1205 716 1259 apposuit
754 1219 853 1256 equo
881 1211 1083 1256 seratoque
1119 1205 1257 1245 iterum
1296 1205 1395 1245 ostio
1431 1207 1642 1246 dormitum

221 1265 325 1306 abiit.
382 1266 490 1306 Circa
518 1265 687 1305 mediam
715 1270 844 1305 autem
873 1270 1040 1312 noctem,
1078 1266 1235 1315 quando
1263 1265 1390 1305 cuncti
1418 1265 1640 1305 mortalium

222 1324 387 1377 grauiori
416 1325 542 1365 solent
579 1338 718 1365 somno
755 1323 931 1376 deprimi,
968 1337 1131 1375 surgens
1170 1323 1233 1374 qui
1272 1325 1423 1364 ‘uiridi
1460 1326 1642 1366 latebat

148 1389 202 1428 20
220 1385 388 1437 anguis
415 1385 463 1424 in
481 1384 652 1433 herba’,
683 1397 781 1435 equo
801 1384 955 1424 frenum
975 1384 1137 1435 imponit
1155 1397 1329 1433 aureum,
1350 1384 1485 1424 sternit
1504 1385 1642 1433 serico,

219 1444 444 1496 superponit
471 1444 617 1493 sellam,
646 1443 815 1483 antelam
844 1448 960 1495 aptat,
990 1443 1123 1483 omnia
1150 1444 1223 1483 hec
1251 1457 1298 1483 ex
1317 1457 1412 1484 auro
1432 1443 1640 1495 purissimo

218 1503 474 1555 dependentia
502 1503 675 1543 eiusdem
704 1502 847 1542 metalli
882 1502 1144 1551 tintinabulis;
1184 1516 1258 1554 que
1287 1503 1350 1543 ille
1387 1517 1437 1543 ne
1466 1504 1640 1544 sonitum

217 1563 365 1611 darent,
394 1575 481 1603 cera
499 1562 675 1603 obstruit.
719 1563 805 1603 Hoc
824 1563 922 1602 facto
942 1569 1088 1603 reserat
1108 1563 1261 1611 ostium,
1291 1563 1464 1603 ascendit
1493 1576 1639 1614 equum

218 1622 415 1674 uelocique
443 1635 559 1662 cursu
588 1622 711 1674 pergit
747 1623 796 1662 ad
824 1623 952 1662 locum
980 1622 1052 1662 sibi
1088 1637 1112 1663 a
1149 1622 1330 1662 fratribus
1366 1623 1638 1663 constitutum.

146 1686 198 1725 25
217 1681 363 1722 Verum
391 1695 472 1722 non
499 1682 600 1722 bene
633 1687 835 1722 cesserunt
863 1681 896 1721 ei
917 1682 1186 1723 latrocinandi
1214 1682 1413 1734 principia,
1453 1683 1638 1734 quoniam

215 1740 324 1781 uisus
351 1746 410 1781 est
437 1755 460 1781 a
479 1741 703 1781 custodibus
731 1740 906 1781 ciuitatis.
962 1741 996 1780 A
1017 1742 1156 1792 quibus
1176 1741 1290 1782 etiam
1310 1742 1462 1793 fugiens
1489 1742 1644 1782 fortiter*

214 1799 413 1841 insecutus
441 1806 500 1840 est
527 1805 565 1840 et
585 1802 634 1840 ad
661 1801 789 1840 locum
818 1800 1062 1852 designatum
1081 1814 1171 1840 cum
1199 1801 1380 1841 fratribus
1400 1802 1639 1853 pei-ueniens

215 1861 521 1912 comprehensus
549 1865 608 1900 est
635 1865 672 1900 et
709 1873 825 1900 mane
862 1873 951 1900 cum
980 1860 1125 1900 eisdem
1165 1861 1296 1912 regine
1331 1861 1494 1901 oblatus.
1551 1862 1641 1910 Que

215 1918 353 1960 uidens
381 1932 447 1960 eos
475 1920 598 1960 forme
634 1919 818 1970 elegantis
846 1919 1085 1970 audiensque
1122 1921 1224 1971 quod
1262 1920 1329 1959 filii
1367 1926 1498 1960 essent
1535 1920 1637 1960 illius

142 1982 197 2022 30
215 1979 411 2030 quondam
430 1977 676 2019 famosissimi
695 1979 854 2019 latronis
870 2001 917 2006 —
932 1984 1014 2019 erat
1032 1985 1163 2019 autem
1182 1979 1245 2019 hic
1274 1979 1468 2020 familiaris
1503 1980 1639 2031 regine

217 2060 264 2067 -
294 2038 448 2078 retrusit
475 2051 542 2079 eos
569 2038 607 2078 in
638 2051 831 2079 carcerem
859 2044 897 2078 et
925 2038 1079 2078 interim
1107 2039 1203 2090 patri
1233 2044 1275 2078 ut
1311 2040 1360 2079 ad
1398 2052 1440 2079 se
1481 2039 1634 2079 ueniret

331 2158 353 2192 2
377 2155 605 2192 declinaretis
630 2157 729 2201 LPp,
754 2156 976 2192 declinantes
1008 2157 1043 2193 V
1072 2177 1116 2183 —
1143 2156 1306 2192 vnanimi
1332 2157 1375 2192 el.
1403 2169 1437 2193 u.
1467 2157 1561 2202 OPp.
1587 2179 1633 2184 —

213 2210 232 2245 7
258 2210 310 2247 illi
330 2211 430 2246 Goni.
447 2211 522 2253 E'b.,
547 2210 609 2246 illa
619 2210 677 2245 die
689 2210 778 2246 Hss.
793 2230 838 2236 -—
859 2211 880 2245 9
898 2210 1173 2255 incomparabili
1195 2211 1261 2254 Op.
1277 2230 1322 2236 —
1343 2211 1387 2245 10
1408 2211 1560 2246 herbam
1578 2212 1635 2256 Pp

211 2284 257 2290 —
279 2264 398 2299 eruize
426 2265 465 2307 Ο,
489 2264 605 2300 eruise
629 2263 707 2309 Pp;
733 2274 843 2309 quam
868 2274 946 2300 voc.
973 2263 1133 2299 ohnicze.
1173 2264 1195 2298 i.
1223 2265 1336 2306 (darm
1362 2265 1476 2299 leerer
1500 2266 1633 2308 Reum)

211 2317 297 2354 fasc.
329 2317 417 2354 V—
445 2317 483 2352 11
511 2328 592 2362 equ.
606 2317 728 2352 album
755 2320 780 2352 t.
793 2318 848 2361 Pp
873 2338 918 2343 —
946 2317 989 2352 12
1011 2317 1124 2352 herba
1148 2318 1239 2360 fehlt
1264 2318 1331 2353 LO
1356 2338 1401 2344 —
1427 2318 1636 2354 fastidiebat

213 2370 375 2416 OpV.—-
390 2370 435 2406 14
447 2371 690 2406 venumdandi
705 2381 813 2406 causa
827 2372 892 2415 Pp.
908 2389 952 2395 —
969 2371 1013 2405 15
1026 2371 1093 2406 hos
1110 2381 1194 2405 cum
1211 2371 1234 2405 f.
1253 2372 1295 2405 L.
1313 2390 1357 2396 —
1374 2372 1417 2406 16
1431 2371 1554 2407 intulit
1566 2373 1631 2416 Pp.

211 2443 256 2450 —-
283 2424 326 2460 17
344 2435 412 2459 ser.
438 2424 580 2460 stabulo
605 2424 639 2460 d.
665 2423 722 2459 ab.
753 2424 884 2468 OPpV.
912 2443 955 2449 —
982 2425 1030 2459 20
1053 2424 1182 2469 anguis
1208 2424 1296 2468 fehlt
1321 2426 1376 2470 ἢ)
1402 2444 1446 2449 -
1484 2425 1632 2470 apponit

138 2493 142 2498 ·
205 2479 284 2523 pV,
309 2476 477 2524 apposuit
505 2478 568 2513 ΟΡ
589 2497 632 2503 -
659 2489 723 2513 vor
747 2477 862 2513 serico
888 2482 974 2513 setzt
999 2478 1176 2521 Muasafia
1200 2482 1288 2512 etwa
1313 2477 1484 2523 ephippio
1509 2490 1570 2513 an.
1587 2499 1628 2505 —

209 2532 253 2567 21
281 2531 453 2567 amellam
480 2530 522 2576 Ο,
546 2531 636 2576 fehlt
667 2531 707 2573 V,
733 2530 931 2566 mantalam
961 2531 1060 2566 Coni.
1078 2531 1144 2566 Eb.
1171 2549 1213 2556 -
1240 2531 1287 2566 24
1303 2542 1325 2567 a
1349 2532 1391 2566 fr.
1418 2532 1630 2577 deputatum

209 2584 287 2621 siue
311 2586 425 2620 const.
455 2585 493 2620 Ο.
521 2603 564 2610 -
591 2585 636 2620 27
663 2584 708 2620 ad
734 2583 758 2619 l.
783 2583 1020 2620 constitutum
1044 2595 1065 2619 a
1091 2583 1134 2619 fr.
1159 2584 1374 2629 perueniens
1399 2585 1488 2629 fehlt
1514 2586 1556 2620 L.
1584 2604 1633 2611 —-

209 2638 256 2674 29
280 2637 399 2674 forma
422 2638 605 2683 elegantes
633 2638 716 2683 OPp
724 2637 765 2674 V.
790 2658 835 2665 —
861 2639 908 2673 30
923 2637 1118 2674 eratenim
1143 2638 1185 2675 V.
