1800 2930
734 143 1009 182 ...57-

168 256 216 295 de
243 262 392 308 septem
419 256 659 309 sapientibus
686 256 805 297 dicor.
859 257 927 297 Est
946 262 1076 298 autem
1104 271 1190 298 mos
1217 258 1335 299 michi
1363 258 1518 310 regibus
1535 271 1582 300 ac

168 315 405 367 principibus
444 316 581 356 mundi
619 317 669 356 de
708 316 834 356 cordis
874 317 951 356 mei
987 317 1170 357 thesauro
1206 331 1310 358 noua
1345 318 1516 370 proferre
1542 322 1580 359 et

169 380 311 415 uetera.
366 375 478 415 Vnde
496 374 563 415 tibi
582 375 710 423 etiam,
738 376 921 426 quoniam
950 389 1014 416 me
1033 376 1109 416 buc
1127 389 1242 417 casus
1269 377 1439 425 adduxit,
1468 383 1580 418 uetus

169 434 322 485 quidem
352 435 421 475 sed
448 434 605 475 forsitan
634 434 703 475 tibi
731 447 891 483 nouum,
929 435 963 475 si
989 448 1054 475 me
1088 436 1211 475 audiri
1239 436 1384 483 iubeas,
1412 437 1580 477 narrabo

168 493 400 546 exemplum.
456 493 540 533 Rex
559 498 687 534 autem
707 494 855 534 cunctis
874 507 995 534 manu
1015 494 1210 534 silentium
1240 494 1412 535 indicens
1440 496 1578 536 tumul·
1623 496 1651 535 5

167 559 250 592 tum
279 553 407 605 populi
426 552 537 593 citius
564 554 757 604 repressit.
798 553 851 593 At
877 553 1033 605 sapiens
1052 554 1091 593 in
1111 554 1213 593 edito
1231 555 1318 594 loco
1345 567 1388 594 se
1406 560 1579 595 statuens

167 612 222 652 sie
249 611 401 664 incipit:

415 710 653 768 [Historia
681 711 820 756 tertii
849 711 1104 768 sapientis:
1137 711 1322 769 Senexl.

221 803 285 830 um
322 790 414 830 olim
451 790 718 829 Romanorum
752 803 814 829 res
851 790 1004 841 publica
1042 791 1250 830 admodum
1288 791 1415 831 adhuc
1452 791 1578 831 tenuis

246 849 319 889 sub
355 849 490 900 primis
517 849 671 900 regibus
699 855 889 900 ageretur,
926 862 995 889 rex
1025 850 1180 900 quidam
1215 850 1387 890 moriens
1414 864 1578 902 regnum

165 908 242 950 filio
268 909 396 949 adhuc
422 909 654 949 adolescenti
682 909 893 960 dereliquit.
949 909 1116 961 Contigit
1152 916 1279 949 autem
1318 923 1365 950 eo
1392 915 1578 961 regnante
1600 908 1652 947 10

164 969 268 1019 quod
294 967 521 1020 plerumque
548 969 587 1007 in
616 968 828 1008 mutatione
855 982 989 1020 regum
1019 969 1098 1008 fieri
1127 970 1235 1016 solet,
1264 968 1410 1008 turbari
1437 968 1577 1009 scilicet

163 1027 432 1067 Romanorum
478 1041 655 1079 regnum,
711 1028 845 1067 urbem
902 1028 1025 1080 ipsam
1081 1028 1346 1068 obsidentibus
1400 1028 1576 1068 inimicis.

162 1086 364 1127 protracta
402 1100 496 1127 uero
534 1086 735 1127 obsidione
773 1087 813 1126 in
847 1100 1003 1127 menses
1039 1088 1235 1138 plurimos·
1262 1093 1446 1139 ceperunt
1473 1087 1577 1127 ciues

163 1146 267 1187 same
302 1146 430 1186 ualida
466 1147 656 1187 laborare.
710 1147 834 1187 Porro
861 1148 955 1186 dum
983 1147 1135 1187 cottidie
1173 1147 1266 1187 soris
1293 1160 1435 1198 pugne,
1472 1147 1577 1187 intus

163 1205 323 1248 timores
349 1211 480 1246 essent
506 1207 705 1258 famesque
732 1205 856 1257 magis
884 1220 928 1246 ac
955 1206 1079 1258 magis
1099 1207 1394 1258 ingmuesceret,
1423 1219 1490 1246 rex
1514 1206 1577 1246 ille
1600 1204 1649 1244 15

162 1266 387 1305 adolescens
414 1279 463 1305 ex
490 1265 708 1317 principum
745 1279 905 1305 suorum
944 1266 1117 1314 consilio,
1155 1266 1220 1317 qui
1257 1266 1429 1306 eiusdem
1466 1265 1576 1305 etatis

162 1338 209 1365 ac
236 1325 422 1377 sapientie
460 1325 569 1365 cuius
605 1331 643 1365 et
670 1325 752 1377 ipse
779 1331 902 1373 erant,
941 1326 1137 1365 decretum
1171 1325 1298 1377 posuit
1335 1326 1375 1365 in
1411 1325 1508 1365 urbe
1534 1330 1577 1365 ut

162 1385 292 1425 omnis
320 1397 471 1432 senum,
500 1384 674 1424 uirorum
701 1398 747 1425 ac
777 1385 983 1424 mulierum
1011 1391 1092 1425 etas
1120 1385 1368 1433 occideretur,
1396 1384 1575 1436 indignos

162 1443 271 1484 aiens
311 1457 398 1484 esse
424 1444 505 1484 uita
543 1457 611 1484 eos
638 1444 703 1495 qui
741 1458 812 1484 nec
847 1445 965 1484 armis
1002 1445 1139 1484 urbem
1176 1444 1272 1484 tueri
1309 1449 1469 1496 possent
1504 1457 1576 1484 nec

162 1516 320 1555 pascere
356 1516 544 1543 manuum
579 1504 776 1544 laboribus
813 1509 1042 1554 tantumque
1077 1504 1150 1543 cibi
1189 1510 1387 1544 sumerent
1423 1503 1577 1543 cottidie
1595 1500 1650 1539 20

163 1568 354 1614 quantum
381 1563 539 1614 quilibet
566 1563 754 1604 fortiores
810 1563 886 1603 Eos
923 1577 1016 1603 uero
1053 1564 1119 1614 qui
1155 1569 1334 1615 parentes
1370 1576 1463 1603 suos
1491 1562 1574 1603 neci

162 1623 447 1669 subtraherent,
485 1623 654 1675 precepit
690 1636 780 1663 cum
819 1623 915 1674 ipsis
950 1623 1175 1674 parentibus
1210 1623 1347 1663 mortis
1387 1621 1576 1663 sententie

162 1682 373 1722 subiacere.
412 1682 722 1723 Trucidabantur
739 1696 831 1734 ergo
850 1688 1029 1734 parentes
1047 1697 1070 1723 a
1090 1682 1175 1723 filiis
1203 1683 1287 1723 sine
1314 1681 1577 1722 misericordia

162 1746 213 1789 et,
241 1743 344 1793 quod
362 1742 465 1782 dictu
485 1755 639 1794 quoque
665 1748 724 1783 aet
742 1743 994 1791 horrendum,
1023 1742 1173 1782 nullum
1200 1742 1391 1782 seuiorem
1421 1742 1575 1781 hostem

162 1807 271 1854 pater
297 1815 415 1853 quam
441 1801 561 1842 filium
589 1802 790 1842 sentiebat.
864 1801 1034 1842 Tantum
1080 1808 1210 1842 autem
1254 1803 1326 1842 hec
1371 1801 1575 1841 crudelitas
1593 1796 1648 1835 25

162 1860 296 1913 patuit,
332 1866 376 1901 ut
401 1861 531 1901 nullus
568 1861 608 1902 in
650 1867 729 1901 tota
765 1862 861 1901 urbe
887 1861 1004 1901 huius
1031 1861 1140 1902 etatis
1180 1867 1347 1902 mortem
1382 1861 1574 1913 euaderet,

162 1926 322 1973 excepto
357 1933 438 1961 uno
470 1921 643 1973 sapiente
670 1934 776 1969 sene,
806 1921 871 1972 qui
898 1935 922 1961 a
949 1921 1038 1969 filio,
1076 1934 1197 1961 uxore
1233 1927 1385 1962 tantum
1420 1923 1575 1964 conscia

162 1993 238 2032 que
262 1980 340 2021 hoe
356 1986 548 2021 secretum
567 1994 610 2021 se
627 1981 846 2021 habituram
874 1986 1117 2020 sacramento
1136 1981 1369 2029 firmauerat,
1398 1981 1438 2021 in
1457 1995 1574 2033 specu

162 2039 415 2080 subterraneo
441 2041 613 2080 saluatus
649 2046 718 2081 est.
774 2041 986 2080 Interfectis
1022 2040 1136 2092 igitur
1172 2040 1320 2081 cunctis
1357 2041 1396 2080 in
1435 2042 1574 2093 quibus

278 2165 340 2207 5l6
363 2163 438 2199 ind.
462 2164 554 2200 sedit
577 2167 613 2199 et
636 2174 711 2209 sap.
737 2164 986 2200 narracionem
1011 2174 1115 2199 suam
1140 2164 1192 2199 sic
1215 2163 1349 2208 incepit
1374 2163 1512 2208 OPpV.
1528 2182 1572 2189 -

162 2217 186 2252 8
212 2216 305 2252 Dum
341 2217 377 2252 V.
411 2238 458 2244 -
494 2218 539 2252 10
562 2217 706 2262 reliquit
734 2218 867 2263 oPpV.
894 2236 938 2243 —
974 2218 1019 2252 13
1042 2216 1191 2253 Peracta
1213 2220 1336 2252 autem
1362 2217 1501 2261 OPpV.
1526 2236 1573 2241 —

164 2270 210 2305 14
235 2270 371 2306 Reum
399 2271 474 2307 oV.
493 2291 539 2297 —
559 2272 603 2306 16
627 2271 688 2316 qui
713 2271 756 2306 ei.
782 2271 926 2307 fuerant
951 2282 1026 2316 sap.
1052 2282 1095 2306 ae
1118 2274 1165 2306 et.
1186 2271 1286 2306 V.-
1316 2271 1356 2305 1'1
1381 2273 1423 2306 ut
1445 2280 1575 2305 omnoe

162 2324 218 2369 Pp
243 2342 287 2350 -
315 2325 360 2359 18
375 2324 494 2359 omnis
515 2335 623 2360 sexus
638 2325 706 2360 uir.
727 2325 855 2360 OV—
872 2324 945 2359 ind.
963 2335 1002 2359 se
1017 2324 1178 2359 dicentes
1204 2334 1283 2359 esse
1306 2323 1382 2359 uita
1397 2323 1460 2368 qui
1476 2323 1571 2368 opp,

161 2376 237 2414 ind.
252 2377 354 2413 aiens
369 2388 448 2413 esse
464 2389 500 2413 u.
517 2377 579 2423 qui
603 2378 645 2412 V.
669 2398 716 2404 —
744 2377 788 2413 19
809 2378 921 2413 armis
943 2378 1035 2421 fehlt
1058 2378 1102 2412 L.
1128 2398 1174 2404 —
1198 2387 1266 2413 nec
1290 2377 1437 2422 pacifice
1460 2386 1573 2411 manu

160 2430 326 2468 labonre
371 2430 410 2473 Ο,
444 2442 511 2467 nec
548 2442 582 2476 p.
619 2442 668 2467 m.
700 2431 950 2467 laborantibus
987 2431 1092 2476 PpV.
1129 2451 1176 2457 —
1222 2431 1265 2465 21
1305 2429 1574 2475 quantumlibet

162 2479 278 2529 th»,
312 2494 372 2528 qu.
407 2488 527 2520 &ent
557 2485 583 2520 f.
614 2486 656 2519 V.
695 2503 740 2511 ·-
780 2484 1101 2528 uaetsffltL.
1138 2503 1186 2510 --
1225 2483 1418 2529 26potuit
1452 2483 1571 2520 L.—

162 2536 208 2572 27
232 2537 295 2583 qui
327 2537 375 2572 ab
399 2548 459 2573 ux.
483 2542 521 2573 et
551 2537 627 2573 filio
663 2538 816 2574 consciis
847 2539 942 2582 0Pp,
973 2538 1021 2573 ab
1054 2548 1115 2572 ux.
1140 2540 1176 2572 et
1199 2536 1274 2572 filia
1297 2537 1440 2572 conscia
1474 2537 1504 2571 V
1525 2555 1572 2563 —-

163 2589 296 2636 sequi
327 2590 397 2626 hoe
427 2602 457 2626 s.
486 2591 677 2636 OPpV—
711 2602 752 2627 se
784 2591 972 2627 habituros
1003 2591 1037 2625 V
1070 2609 1111 2617 -—
1144 2591 1378 2626 firmauerunt
1409 2590 1506 2624 7-
1532 2588 1572 2624 in

161 2643 334 2688 spelunca
356 2643 592 2680 subterranea
613 2645 655 2680 V.
1446 2676 1448 2678 ,
